3622 5464
344 319 388 384 32
751 332 795 380 ns
815 331 1046 382 saraanrrara
1068 335 1251 385 mxasauu

274 529 275 534 Ἰ
343 449 489 516 societati
508 449 671 532 imminet,
699 465 797 534 quam
818 450 1069 516 emolumentum
1089 450 1193 518 eidem
1216 450 1386 517 adveniens
1408 471 1447 518 ex
1471 454 1594 538 legibus
1615 475 1676 522 cu-

342 552 497 669 stoditis,
515 553 577 618 ΠΙ.
599 550 689 636 quod
703 552 805 637 pluris
824 551 959 635 intersit,
980 571 1020 618 ue
1047 552 1133 618 cives
1156 556 1220 620 sint
1233 553 1388 640 improbi,
1411 574 1509 640 quam
1523 565 1560 623 ut
1574 558 1672 624 iidem

342 661 409 721 m
430 660 688 840 afflatuque
708 754 925 841 persuadent,
949 755 1143 842 legislatoris
1164 759 1264 842 inops
1287 777 1353 826 esse
1379 760 1498 827 scelera
1523 769 1668 829 avertere

342 859 505 926 intentatis
532 858 667 943 poenis,
691 875 786 942 quam
809 857 851 924 ad
877 861 1005 944 egregia
1027 860 1184 926 virtutum
1205 879 1306 945 opera
1329 863 1543 946 praemiorum
1572 865 1673 949 polli-

343 959 494 1026 citatione
519 959 692 1026 cohortari.

858 1165 1060 1238 tammo
1098 1167 1154 1236 tv.

431 1373 464 1434 i.
489 1371 562 1434 Nou
581 1370 699 1449 omnia,
714 1385 796 1452 quae
816 1374 981 1453 patrantur
1003 1368 1044 1434 ab
1061 1369 1244 1436 bominibus
1258 1371 1401 1453 crimina,
1428 1371 1567 1438 eiusdem
1592 1379 1669 1438 sunt

343 1473 506 1558 gravitatis
526 1479 582 1538 aut
602 1477 744 1537 naturae.
765 1473 843 1536 Sunt
866 1471 997 1537 crimina
1012 1473 1149 1557 minora,
1170 1480 1246 1539 sunt
1269 1476 1403 1557 maiora,
1421 1483 1496 1541 suut
1517 1476 1666 1542 maxima.

342 1577 442 1662 Atqui
464 1575 609 1660 poenalia
631 1575 751 1640 sanctio
778 1575 946 1640 criminum
965 1576 1112 1660 gravitati
1133 1583 1166 1641 et
1182 1582 1316 1644 naturae
1339 1578 1534 1663 respondere
1556 1580 1664 1646 debet.

214 1707 217 1714 ·
342 1679 408 1744 Nisi
430 1679 476 1744 ita
500 1683 592 1758 esset,
610 1677 637 1742 si
658 1676 771 1742 eodem
791 1695 914 1761 poenae
933 1695 1049 1761 genere
1069 1678 1203 1744 cumina
1223 1679 1329 1744 omnia
1354 1679 1581 1764 plecterentur,
1609 1701 1668 1746 nee

341 1800 463 1866 aequus
487 1782 606 1846 censeri
634 1786 743 1864 posset
764 1779 941 1862 legislator,
961 1799 1019 1846 nec
1040 1781 1160 1846 iustitia
1183 1781 1217 1845 in
1239 1798 1415 1864 poenarum
1440 1781 1667 1848 distributione

340 1887 532 1949 servaretur.
549 1881 658 1965 'Igitur
677 1881 820 1967 postulet
836 1883 932 1964 ratio,
951 1888 989 1947 ut
1011 1883 1089 1948 certi
1112 1880 1245 1966 quidam
1260 1881 1377 1965 gradus
1399 1885 1462 1949 siut
1482 1884 1515 1948 io
1538 1886 1666 1968 poenis,

341 1983 611 2072 quemadmodum
633 1983 799 2068 multiplex
821 1989 869 2049 est
892 1989 924 2049 et
946 1984 1032 2050 vana
1053 1983 1220 2050 criminum
1244 1985 1435 2070 gravitaret
1458 1992 1582 2052 natura.
1605 2079 1609 2087 .

860 2217 1062 2289 Ludus
1097 2217 1139 2286 V.

430 2453 461 2514 5.
487 2449 559 2513 Duo
580 2448 782 2533 potissimum
798 2453 882 2526 sunt,
907 2466 990 2532 quae
1014 2451 1046 2512 iu
1063 2448 1176 2532 poenis
1198 2445 1454 2512 considerautur:
1482 2445 1666 2512 earumdem

339 2555 385 2616 cis
404 2558 436 2617 et
454 2555 596 2631 intensio,
626 2569 686 2615 nec
704 2569 769 2614 uon
794 2552 913 2614 duratio
933 2557 966 2615 et
985 2557 1128 2614 antemio.
1158 2553 1241 2632 Ergo
1265 2551 1459 2633 proportio,
1487 2567 1569 2634 quae
1593 2570 1664 2615 ser-

340 2654 444 2720 vanda
464 2661 511 2719 est
540 2656 623 2719 iuter
645 2654 766 2718 crimen
787 2659 821 2717 et
839 2671 974 2736 poenam
1001 2656 1054 2736 1),
1079 2653 1175 2717 simul
1199 2654 1329 2737 respicit
1352 2671 1472 2736 poenae
1495 2672 1568 2718 cum
1600 2655 1665 2718 vim

340 2764 372 2824 et
392 2758 622 2836 intensionem,
650 2764 717 2820 tum
742 2754 944 2820 durationem
964 2761 997 2819 et
1019 2755 1257 2836 extensionem
1279 2754 1358 2820 adeo
1384 2762 1420 2819 ut
1443 2773 1503 2840 pro
1524 2756 1666 2821 criminis

338 2861 492 2927 varietate
514 2860 599 2925 rada
621 2875 752 2944 quoque
775 2876 840 2922 esse
864 2856 976 2923 debeat
995 2858 1132 2924 inflictae
1152 2875 1275 2943 poenae
1298 2857 1433 2922 intensio
1455 2864 1487 2922 et
1507 2860 1661 2924 extensio.

846 3092 1047 3163 LEMMA
1084 3093 1142 3162 vt.

426 3332 459 3394 6.
484 3329 648 3394 Fallnotur
674 3325 823 3412 egregie,
853 3328 909 3411 qui
935 3346 1114 3395 mensuram
1140 3327 1318 3394 durationis
1344 3343 1464 3409 poenae
1488 3324 1661 3409 petendam

338 3448 405 3497 esse
425 3436 592 3497 autumant
616 3449 655 3495 ex
676 3437 822 3513 tempore
845 3430 947 3512 magis
966 3431 1112 3494 minusve
1136 3428 1309 3511 diuturno,
1326 3425 1424 3511 'quod
1449 3445 1522 3492 reus
1544 3427 1579 3490 in
1600 3445 1662 3510 pa-

336 3532 451 3600 trando
467 3534 599 3599 crimine
617 3531 819 3617 impenderit,
842 3531 895 3596 vel
915 3549 980 3615 quo
996 3533 1029 3595 io
1044 3531 1180 3598 admisso
1197 3531 1326 3595 crimine
1341 3530 1524 3613 perstiterit.
1545 3529 1661 3613 Iniqua

337 3636 485 3702 ethaeo
508 3653 639 3717 norma,
667 3641 762 3716 atque
782 3633 908 3717 penitus
930 3632 1088 3712 absurda,
1112 3639 1149 3697 ut
1172 3631 1365 3715 experientia
1387 3629 1495 3710 docet,
1522 3637 1555 3695 et
1576 3632 1659 3695 ratio

336 3737 515 3804 confirmat.
548 3739 651 3802 Docet
675 3736 883 3820 experientia,
913 3736 1033 3799 odmen
1054 3734 1240 3798 brevissimo
1266 3730 1487 3818 perpetratum
1510 3740 1659 3815 tempore

336 3840 435 3907 modo
457 3848 612 3925 perpetuo
633 3839 740 3920 exilio,
763 3837 861 3903 modo
882 3840 1044 3923 perpetuis
1068 3837 1265 3919 carceribus,
1290 3843 1322 3901 et
1349 3835 1448 3901 modo
1470 3835 1658 3920 prolixiori-

335 3943 396 4009 bus
418 3942 611 4008 cruciatibus
634 3942 753 4026 puniri.

422 4047 488 4110 Nec
507 4063 582 4110 sane
603 4033 738 4127 mirum,
759 4042 1017 4129 quandoquidem
1044 4059 1175 4126 norma,
1199 4043 1353 4127 adquam
1376 4058 1498 4126 poenae
1522 4039 1658 4104 intensio

336 4154 368 4212 et
392 4147 533 4212 extensio
552 4147 635 4230 exigi
653 4145 760 4227 debet,
784 4165 850 4211 uon
869 4147 941 4231 ipsa
959 4165 1049 4213 mora
1066 4146 1231 4231 temporis,
1253 4145 1309 4212 sed
1331 4145 1466 4228 gravitas
1485 4141 1527 4206 sit
1550 4141 1658 4206 crimi-

335 4250 397 4332 nis,
420 4267 502 4334 qnae
523 4249 661 4332 gravitas
679 4250 781 4313 oritur
802 4249 830 4313 Ι.
855 4267 893 4313 ex
910 4250 1040 4314 materia
1057 4255 1089 4314 et
1111 4243 1237 4314 obiecto
1253 4247 1352 4331 ipsius
1370 4244 1530 4341 criminis;
1554 4244 1598 4308 ΙΙ.
1618 4262 1658 4307 ex

334 4359 446 4417 tenore
466 4357 499 4416 et
521 4351 627 4416 forma
647 4351 740 4434 legis,
764 4370 830 4436 qua
856 4351 977 4416 crimen
999 4351 1219 4433 interdicitur;
1248 4334 1308 4416 lli.
1334 4367 1372 4412 ex
1395 4345 1553 4412 adiunctis
1580 4365 1657 4431 per-

335 4473 445 4535 sonae,
463 4473 546 4539 quae
562 4457 682 4521 crimen
699 4453 848 4537 admisit;
869 4456 926 4520 IV.
944 4475 983 4520 ex
999 4453 1243 4522 circumstantiis
1260 4450 1421 4533 omnibus,
1445 4467 1529 4534 quae
1548 4455 1657 4517 actum

335 4559 541 4638 comitantur,
564 4577 602 4624 ac
622 4577 727 4643 prope
745 4559 1015 4625 circumvestiunt.

422 4797 442 4851 tl
455 4796 525 4854 Quod
541 4797 565 4842 ln
583 4797 700 4842 mmmate
716 4795 755 4841 lv.
772 4795 929 4854 exposuimus.
