3622 5464
96 331 212 396 't

202 431 223 474 4.

799 479 858 554 DE

155 683 867 901 'rotundioris
917 745 1469 895 renascunt

322 1083 572 1160 BIBLICIS
598 1081 972 1160 TESTIMONIIS
999 1081 1325 1158 VINDICATA

701 1469 902 1540 totins
939 1469 968 1540 t.

260 1723 288 1788 i.
310 1671 463 1784 Duratio
485 1719 607 1804 absque
629 1721 848 1800 successione,
870 1737 1014 1805 quaeque
1036 1720 1197 1803 principio
1217 1724 1251 1785 et
1272 1717 1337 1784 dne
1358 1715 1487 1798 careat,

167 1821 339 1908 descriptio
359 1828 407 1888 cst
428 1822 623 1888 aeternitatis
644 1823 794 1908 proprio,
820 1823 995 1908 strictoque
1013 1819 1107 1888 sensu
1127 1828 1285 1908 acceptae.
1339 1848 1341 1852 ·

679 2028 883 2098 inniti
921 2027 964 2096 tt.

254 2231 286 2294 t.
305 2230 337 2294 Si
352 2227 472 2292 duratio
492 2227 555 2292 rinc
573 2227 705 2312 quidenr
722 2233 830 2294 cureat
849 2226 986 2292 sednon
1005 2225 1181 2312 principio,
1207 2225 1409 2312 proindeque
1429 2227 1489 2292 aaa

166 2341 228 2398 toto
245 2334 352 2406 straet,
374 2330 431 2396 sed
454 2337 614 2395 marsico
633 2333 696 2409 sit;
723 2330 859 2396 habetur
880 2331 1046 2396 aeternitas
1064 2349 1130 2395 uon
1148 2335 1251 2408 ἁπλῶς,
1273 2329 1330 2397 sed
1348 2338 1420 2392 sart
1444 2355 1489 2406 a,

166 2443 200 2500 et
220 2429 328 2500 latiori
352 2433 585 2516 significatione
607 2440 770 2518 usurpata.

682 2643 883 2714 LEMMA
918 2641 981 2712 itt.
1065 2657 1068 2663 “

254 2849 286 2912 3.
306 2851 434 2912 Duratio
454 2853 503 2912 est
521 2829 694 2923 eiusmodi,
719 2861 802 2929 quae
824 2844 949 2909 nonnisi
974 2850 1091 2910 aottcm
1114 2850 1148 2911 et
1170 2848 1240 2910 idco
1263 2846 1304 2912 ab
1325 2848 1491 2914 existentia

165 2949 371 3033 distinguitur
383 2950 430 3014 rei
444 2966 526 3034 quae
541 2947 637 3013 durat
654 2953 687 3012 et
705 2953 881 3030 permanet.
902 2947 980 3011 Cum
998 2946 1108 3030 itaque
1123 2965 1205 3012 auus
1220 2948 1263 3012 sit
1280 2949 1381 3026 Deos,
1399 2947 1491 3013 euius

168 3053 387 3117 existentiaet
412 3052 667 3127 comessionem,
693 3055 726 3113 et
749 3048 961 3132 principium,
993 3054 1026 3112 ct
1049 3047 1145 3114 finem
1172 3048 1337 3130 excludit,
1366 3051 1490 3136 reliquo

170 3171 246 3217 roro
265 3155 371 3218 omnia
387 3158 419 3216 et
435 3151 610 3234 incipiant,
629 3157 662 3214 et
677 3151 817 3234 tempori
840 3150 986 3230 subsint3
1006 3153 1214 3234 consequitur
1229 3152 1283 3216 uui
1301 3154 1369 3218 Deo
1386 3159 1490 3219 seten-

146 3253 295 3318 'nitatem
321 3254 451 3337 proprie
473 3252 590 3318 dictam
614 3256 638 3331 t)
663 3258 867 3335 competere,
889 3252 1019 3337 reliquis
1041 3259 1144 3319 autera
1170 3254 1295 3318 nonnisi
1318 3255 1490 3320 aeternite-

170 3359 234 3417 tem
257 3355 353 3420 iatius
376 3361 535 3438 occeptum
552 3355 582 3434 Ἰ)
601 3353 700 3418 tribui
720 3361 884 3437 oportere.

685 3557 874 3628 Ludus
917 3557 973 3628 tv.

258 3765 291 3828 t.
307 3764 485 3830 Aeternitas
497 3764 592 3830 latius
607 3768 736 3846 accepta
749 3761 937 3845 simpliciter
952 3761 1043 3830 finita
1055 3771 1122 3844 est,
1137 3766 1357 3854 etinpropn'e
1367 3773 1492 3836 tentant

170 3865 294 3932 infinita
315 3864 378 3932 dici
398 3873 520 3953 potest,
546 3883 645 3951 quum
666 3883 778 3930 revera
797 3867 952 3946 indefinito
971 3868 1022 3932 sit.
1049 3868 1148 3952 Atqui
1167 3870 1321 3934 creaturis
1343 3871 1493 3938 omnibus

171 3985 236 4034 aou
260 3968 408 4033 convenit
433 3971 463 4048 e)
485 3969 545 4034 nisi
566 3968 736 4033 aeternitas
757 3967 850 4032 latius
870 3975 1013 4052 accepte
1033 3968 1118 4034 Nihil
1134 3985 1211 4052 ergo
1234 3969 1353 4036 eisdem
1371 3989 1492 4038 convc-

172 4073 238 4149 rtit‚
262 4069 351 4155 quod
377 4069 502 4136 finitum
525 4070 666 4152 nonsit,
690 4070 738 4134 vet
762 4071 960 4150 indefinitam.

582 4269 1083 4360 eononnuuuuns.

263 4487 294 4546 5.
317 4487 400 4552 litua
427 4483 607 4552 difficultati
633 4487 837 4571 occurritur,
869 4505 954 4572 qaue
977 4487 1019 4552 ad
1044 4488 1293 4571 impugnandam
1319 4505 1494 4575 paean-our

60 4595 62 4621 ¹
175 4587 392 4654 aeternitatem
408 4590 521 4656 exinde
536 4592 674 4674 petitur,
693 4590 801 4676 quod,
821 4609 858 4656 ea
880 4590 1034 4692 admissa,
1057 4597 1218 4657 creaturae
1235 4596 1347 4697 poenis
1363 4591 1495 4657 intinitis

255 4764 275 4820 r)
288 4763 386 4824 Quuieur
402 4765 427 4810 tn
446 4767 564 4812 urumute
580 4769 598 4812 1.
613 4766 786 4824 descripsimus.
941 4771 964 4820 et
977 4767 1009 4814 ttt
1022 4779 1051 4813 su
1068 4759 1240 4815 Lammuteitt.
1255 4769 1383 4826 cautritur.

253 4837 274 4894 a)
287 4837 364 4894 Quam
379 4835 496 4884 lemmate
509 4839 539 4885 il.
557 4838 755 4887 adumbravimus.
