3622 5464
654 355 935 404 corrummnurus
957 355 981 402 ι.
1145 343 1149 351 “
1445 340 1484 402 Ἡ
1516 345 1521 360 “

168 476 307 563 demque
329 473 481 540 sententia
503 472 599 540 dixit:
623 475 711 540 iham
734 479 784 538 tati
807 479 839 537 ia
861 475 1044 556 suppliciam
1065 479 1226 554 aeternam,
1254 477 1325 538 tara
1347 479 1446 536 catam
1461 479 1493 537 io

167 585 260 645 attam
282 585 443 642 artemia.
462 575 495 640 si
507 582 679 661 uhnmque
692 583 875 655 aeternum,
898 575 1045 660 proiecto
1069 581 1122 640 aut
1144 581 1317 660 utrumque
1333 593 1407 640 cum
1427 575 1492 641 fine

168 683 374 761 diuturnum,
389 685 452 744 ‚ant
470 686 642 763 utrumqne
664 679 730 744 eine
748 678 812 744 tine
832 686 1025 763 perpetuum
1049 677 1146 744 dehet
1165 678 1312 761 intelligi.
1336 681 1400 744 Par
1421 680 1494 762 pari

169 786 254 851 euim
273 782 374 849 relata
390 787 484 863 sunt,
509 780 587 845 hinc
609 779 801 866 supplicium
825 787 1006 863 aeternnm,
1031 780 1107 844 inde
1130 779 1197 844 rita
1222 787 1360 845 aeterna.
1381 781 1493 846 Dicere

170 893 275 954 autem
293 885 329 951 in
344 885 409 950 hoc
427 902 493 948 uuo
515 882 693 967 eodemque
713 902 806 948 sensu
821 885 888 948 vita
904 889 1030 948 aeterna
1047 882 1188 948 siueline
1201 883 1279 965 crit,
1297 881 1492 967 supplicium

170 995 333 1056 neminum
347 985 446 1052 finem
460 985 611 1069 habehit,
633 985 768 1051 multum
786 985 960 1052 absurdum
977 993 1036 1050 est.
1050 1015 1067 1042 o
1171 1037 1175 1044 .

257 1091 313 1156 tt.
339 1087 461 1155 Eodem
483 1094 607 1172 spectat
627 1087 717 1153 aliud
740 1087 857 1154 Christi
877 1088 1096 1154 testimonium
1121 1108 1141 1152 a
1163 1088 1307 1154 Iohanne
1331 1086 1386 1175 75)
1409 1086 1494 1153 rela-

168 1202 255 1261 tum}
282 1197 313 1252 ‘O
338 1200 473 1256 πιστεύων
498 1197 536 1259 ric
565 1201 610 1251 τὸν
634 1193 710 1268 υἱὸν,
733 1197 792 1270 ἔχει
816 1199 886 1262 ζωὴν
910 1193 1030 1252 αἰώνιον·
1056 1199 1069 1250 ὁ
1094 1192 1124 1249 tt
1148 1195 1269 1251 ἀπειθῶν
1293 1205 1331 1270 τῷ
1354 1196 1418 1270 υἱῷ,
1444 1195 1492 1250 οὐκ

173 1301 268 1377 ὄψεται
293 1307 341 1361 τὴν
367 1295 445 1372 ζωὴν,
469 1293 528 1362 att}
554 1303 567 1360 ἡ
593 1299 660 1376 ὀργὴ
685 1308 733 1355 τοῦ
757 1301 825 1356 trau
848 1301 919 1377 pirro
936 1298 976 1356 ior'
996 1297 1089 1356 αὐτόν.
1115 1297 1178 1374 Qttt'
1194 1298 1291 1359 credit
1306 1299 1339 1359 ἐπ
1357 1289 1488 1376 Filiam,

170 1404 260 1468 habet
284 1403 377 1474 vitam
403 1406 574 1464 aeternam:
597 1405 649 1481 qai
671 1408 769 1464 autam
791 1403 963 1464 incredulas
984 1409 1027 1464 ert
1045 1403 1144 1480 Filio,
1171 1419 1230 1463 aaa
1248 1402 1361 1464 videdit
1379 1402 1489 1478 uitam,

172 1505 226 1566 aed
249 1507 297 1566 ira
322 1505 380 1565 Dei
406 1493 505 1566 maaet
529 1521 620 1583 saper
642 1522 721 1566 eam.

258 1606 331 1669 Duo
352 1603 423 1669 heic
446 1604 677 1673 consideranda
695 1611 785 1686 sunt,
805 1612 837 1670 et
857 1605 980 1691 phrasis
997 1606 1031 1671 iu
1051 1625 1103 1688 se,
1126 1611 1158 1670 et
1175 1605 1350 1688 oppositio.
1369 1605 1495 1668 Parare

172 1713 205 1771 ia
229 1725 260 1768 aa
282 1711 351 1788 est,
373 1705 463 1790 quod
484 1707 575 1792 impii
596 1726 663 1774 non
687 1707 842 1773 videbunt
864 1710 980 1792 vitam,
1007 1715 1040 1773 et
1061 1710 1110 1772 ira
1132 1707 1192 1773 Dei
1215 1725 1310 1790 super
1331 1706 1405 1771 illos
1427 1724 1494 1772 ma-

171 1805 272 1874 nebit.
293 1806 355 1874 sed
375 1807 527 1891 quamdiu
547 1828 614 1875 non
634 1807 800 1875 ridebunt·
813 1810 939 1876 ritum?
953 1809 1115 1892 Quamdiu
1137 1808 1265 1893 pondus
1283 1809 1349 1874 irae
1370 1807 1495 1874 divium

172 1909 300 1976 terent?
323 1910 486 1994 Loquutio
506 1916 554 1976 ast
573 1911 712 1995 infinita,
733 1930 835 1995 neque
856 1913 920 1978 ulla
937 1932 1010 1998 spes
1032 1910 1151 1978 eudem
1168 1911 1206 1976 fit
1224 1912 1306 1976 vitae
1323 1910 1494 1994 diqnando

68 2031 71 2036 ·
171 2013 340 2078 videndae.
368 2013 473 2079 Immo
498 2015 602 2079 omnis
625 2032 698 2099 spes
720 2014 926 2098 praeciditur.
948 2013 1040 2080 Unde
1065 2015 1149 2079 enirn
1170 2012 1253 2078 hane
1275 2031 1364 2096 spem
1385 2016 1495 2079 conci-

170 2115 308 2201 perent?
325 2115 420 2196 Quod
445 2116 478 2180 in
498 2116 570 2181 illos
590 2118 676 2182 Deus
699 2123 781 2184 esset
804 2117 1006 2182 misericors?
1031 2117 1130 2200 Atqui
1150 2117 1380 2200 pronunciatur
1403 2117 1496 2182 abso-

171 2218 265 2302 lute„
280 2221 360 2284 iram
382 2220 440 2283 Dei
461 2238 580 2283 mouere
602 2237 698 2303 snper
720 2219 811 2300 illos,
838 2238 905 2284 non
927 2218 999 2284 illos
1023 2220 1176 2302 attingere
1202 2224 1234 2282 et
1259 2219 1412 2300 transire,
1438 2218 1495 2284 sed

173 2323 269 2406 super
291 2322 364 2388 illos
387 2321 531 2386 stabilem
556 2321 741 2406 perdurare.
1460 2389 1461 2396 q

261 2423 393 2490 Accedit
406 2427 568 2506 apparato,
594 2443 676 2510 qnae
697 2424 873 2491 instituitur
892 2426 976 2491 inter
990 2427 1139 2489 eradentes
1156 2432 1188 2489 et
1204 2424 1395 2514 incredulos,
1406 2442 1496 2504 prae·
1527 2462 1530 2468 ,

172 2531 266 2590 actara
286 2525 434 2609 illorum,
464 2532 561 2612 atque
586 2527 705 2592 horum
724 2547 865 2609 poenam.
898 2527 945 2590 De
969 2526 1033 2591 illis
1058 2526 1254 2606 affirmatur,
1283 2524 1374 2609 quod
1398 2524 1497 2598 hahe-

171 2627 255 2694 hunt
276 2629 373 2694 vitam
395 2637 562 2710 aeternam,
589 2635 623 2694 nt
644 2628 694 2694 his
717 2630 783 2695 vita
807 2628 992 2712 denegatur.
1018 2629 1080 2695 Sed
1104 2648 1187 2714 quae
1209 2628 1386 2711 denegatur
1407 2627 1495 2692 dtu?

172 2732 330 2797 Nimirum
352 2749 434 2814 quae
454 2737 579 2797 aeterna
597 2731 649 2796 sit.
673 2731 875 2796 Addionntur
896 2749 973 2814 orgo
996 2731 1092 2797 morti
1115 2732 1335 2816 sempiternae.
1390 2771 1392 2778 ·

260 2832 372 2915 Quod,
394 2834 429 2899 ni
446 2840 517 2899 toto
540 2835 633 2900 coelo
653 2834 769 2915 fallor,
789 2840 942 2918 quantum
964 2835 1039 2899 satis
1059 2840 1124 2918 est,
1149 2834 1328 2900 declaratur
1347 2851 1384 2897 ea
1402 2831 1495 2897 addi·

170 2938 278 3018 tione,
305 2939 413 3016 stipat
438 2949 487 2997 τοῦ
515 2943 583 2997 arao
610 2944 681 3017 parer
707 2941 748 2996 ἐπ’
772 2939 862 2998 αὐτόν.
886 2938 954 3001 Hac
979 2935 1157 3022 periphrasi
1183 2935 1350 3020 suppletur
1366 2935 1494 2999 omissio

171 3038 262 3102 vodis
284 3051 335 3099 τοῦ
360 3041 490 3116 αἰωνίου,
516 3058 615 3123 quum
645 3039 781 3122 dicitur,
807 3041 858 3099 oria
881 3043 978 3118 ὄψιται
1002 3049 1048 3103 τὴν
1073 3047 1157 3115 ζωήν,
1181 3046 1212 3103 et
1237 3057 1303 3104 non
1325 3038 1375 3096 ὀὐκ
1399 3040 1494 3114 iterat

172 3148 219 3202 τὴν
243 3147 310 3208 ζωὴν
335 3144 459 3217 αἰώνιον,
483 3140 752 3224 quemadmodum
772 3143 917 3209 instituta
933 3143 1096 3227 oppositio
1112 3141 1237 3224 exigere
1257 3140 1436 3205 videbatur.
1453 3142 1495 3203 ht

173 3239 201 3304 si
223 3242 415 3327 periphrasi,
433 3252 454 3309 a
470 3249 609 3323 tpptaoo
632 3250 701 3304 eros
724 3252 795 3326 piro
817 3247 852 3305 te*
874 3247 975 3322 airas,
998 3246 1126 3310 omissio
1146 3242 1314 3328 suppletur
1332 3243 1421 3307 vocis
1444 3261 1494 3306 roa

176 3349 304 3424 αἰωνίου,
332 3347 389 3430 qui
414 3347 536 3419 suberit
560 3367 669 3414 sensus
694 3348 799 3415 verbis
821 3350 963 3416 Christi?
984 3349 1046 3414 Hic
1071 3355 1103 3412 et
1126 3366 1192 3412 non
1217 3347 1313 3411 alins:
1338 3346 1495 3412 increduli
1613 3435 1616 3442 ἦ

173 3466 241 3513 non
267 3448 423 3516 videbunt
443 3452 561 3534 vitam,
586 3451 641 3518 sed
660 3454 796 3518 aeternis
815 3452 1055 3518 mulctabuntur
1071 3451 1201 3534 poenis,
1227 3450 1495 3534 quianumquem

173 3549 214 3616 ah
230 3552 293 3617 illis
313 3553 423 3619 divina
438 3553 619 3639 indignatio
640 3555 793 3640 recadets
806 3558 889 3642 qnia'
902 3574 1028 3640 semper
1042 3555 1115 3619 illos
1130 3554 1191 3618 Dei
1206 3553 1256 3618 ira
1270 3561 1491 3638 persequetur.
1567 3587 1569 3596 ·

173 3678 265 3746 Unde
287 3681 328 3747 de
349 3683 461 3768 impiis·
479 3685 632 3769 scriptum
655 3693 703 3752 est
726 3688 798 3766 76):
825 3677 1003 3780 itarital?
1029 3661 1077 3750 a'i
1108 3684 1269 3765 nup-u,
1291 3687 1325 3748 ia
1340 3689 1495 3765 sempiter-

159 3802 246 3880 ‘aam
267 3804 326 3850 aaa
348 3789 491 3851 uidebant
513 3791 620 3854 lacem.

584 3975 978 4070 undantium
1014 3975 1081 4069 V.

176 4194 343 4258 Poenarum
373 4198 533 4258 aeremitae
556 4200 595 4259 iia
620 4194 750 4275 efficitur
778 4202 969 4278 testimoniis,
1003 4199 1111 4279 qaihra
1136 4216 1202 4277 apes
1231 4201 1323 4259 amaa
1348 4195 1495 4257 manalis

342 4299 487 4360 adimitur
500 4297 627 4377 saturae
647 4302 808 4380 aliquando
832 4303 1038 4382 redemptionis
1060 4303 1110 4364 oet
1132 4303 1325 4363 liberationis.

266 4498 319 4560 25.
346 4503 623 4570 Dnuonsnnauro.
639 4506 664 4568 N
669 4505 730 4569 ulla
748 4525 814 4570 esse
828 4514 969 4590 potesta
985 4526 1090 4592 poena
1106 4507 1271 4589 liberatio,
1285 4525 1380 4590 qoam
1401 4505 1495 4571 iudex

176 4614 287 4663 nexam
304 4603 518 4690 socialemque
532 4607 670 4672 voluerit
687 4627 758 4672 onnr
774 4608 977 4688 conditione,
1005 4628 1086 4693 qnae
1102 4617 1137 4674 ut
1153 4609 1342 4693 impleatur,
1358 4611 1425 4674 sieri
1442 4628 1494 4672 ne-

261 4821 297 4876 it)
311 4819 416 4869 ioh.111.
433 4830 467 4871 aa.
946 4833 982 4890 76)
995 4834 1032 4880 Pa.
1050 4835 1130 4882 llLlll.
1149 4841 1182 4880 aa.
