3622 5464
725 321 767 368 DE
790 317 1019 368 munditer!
1041 319 1236 368 mentuunt.

728 513 1127 610 tumulante
1162 515 1228 609 X.

318 757 470 822 renuas
493 773 570 838 puae
594 756 699 818 docent
714 757 870 836 perpetuis
889 755 995 834 poetam
1019 771 1067 816 ece
1092 771 1153 816 esee
1170 753 1365 832 plectendos,
1403 756 1469 832 qni
1500 755 1613 814 cutte
1633 767 1687 813 ec·

403 859 511 922 cedunt
525 863 648 940 peceato
670 857 809 935 emeli,
835 855 917 918 stae
936 861 1081 936 mutiret,
1104 855 1185 935 qnod
1207 857 1319 918 rationi
1341 855 1569 932 adversetur,
1602 855 1689 915 immo
1782 852 1783 872 ¹

405 958 1072 1042 qendmrcttonencntnccomeattnt.

407 1165 463 1230 ea.
488 1165 767 1230 Daaoasmrro.
787 1161 1067 1242 Quemadmodum
1091 1163 1206 1228 rationi
1238 1183 1303 1230 non
1331 1163 1567 1247 adversatur,
1599 1164 1688 1248 qnod

277 1281 280 1292 ¹
318 1269 375 1352 qui
393 1285 579 1352 supremam
601 1267 724 1333 obeunt
738 1266 820 1331 diem
836 1273 967 1351 peccato
982 1265 1145 1344 obstricti,
1159 1269 1313 1334 continuo
1328 1269 1360 1332 in
1377 1285 1523 1352 poenas
1541 1267 1691 1332 incidant

318 1377 505 1456 perpetuas,
521 1372 567 1436 ita
584 1369 669 1434 hunc
685 1368 906 1453 providentiae
922 1367 1070 1434 ordinem
1086 1371 1167 1434 ratio
1185 1371 1319 1434 maxime
1336 1371 1474 1454 probat
1499 1369 1577 1455 2⁰).
1603 1371 1687 1452 Ergo

299 1473 490 1553 ¹revelatio,
514 1471 757 1556 quae-doceat,
780 1469 868 1534 hunc
890 1469 1112 1554 providentiae
1136 1471 1281 1538 ordinem
1297 1491 1315 1538 a
1333 1475 1407 1539 Deo
1437 1491 1568 1539 revera
1585 1473 1687 1538 inisse

319 1577 563 1678 praestitutum,
588 1575 706 1639 rationi
728 1591 795 1640 nou
819 1573 1021 1655 adversatur,
1040 1573 1096 1640 sed
1111 1577 1220 1659 potius
1236 1591 1309 1641 cnm
1330 1577 1519 1663 principiis
1547 1575 1685 1642 rationis

319 1686 394 1763 apte
415 1678 584 1742 consentit.

701 1801 1118 1964 'annonaria
1156 1871 1249 1963 xr.

319 2107 474 2170 tarutio
491 2107 671 2186 strictione,
690 2126 766 2188 paene
782 2067 882 2187 docet,
903 2109 1033 2170 homines
1050 2114 1103 2188 qui
1116 2103 1266 2190 incepisti
1280 2112 1474 2190 monemur,
1499 2111 1678 2191 plectendos

408 2228 469 2272 esse
492 2215 629 2310 conticeo
652 2214 755 2289 poenr'e
776 2215 952 2290 perpetuet,
979 2216 1052 2290 quin
1077 2216 1187 2274 rationi
1215 2213 1410 2292 aversetur,
1449 2233 1527 2276 cum
1561 2218 1676 2275 ratium

408 2317 501 2375 amice
525 2319 687 2393 comptrnt.

411 2501 464 2566 30.
491 2502 766 2566 Demonsraarro.
793 2502 975 2582 Revelatio,
993 2505 1075 2567 inter
1097 2503 1187 2568 cuius
1207 2503 1372 2569 doctrinae
1388 2507 1506 2590 capita
1531 2515 1566 2572 et
1584 2507 1669 2572 istud

324 2609 531 2684 numeretur,
558 2604 671 2686 poenis
693 2605 855 2688 perpetuis
882 2603 987 2668 addici
1011 2607 1064 2688 qui
1083 2607 1261 2670 moriantur
1286 2615 1418 2691 peccato
1442 2611 1590 2690 infecti,
1616 2629 1668 2675 ra·

191 2789 196 2800 Ι
323 2705 404 2770 tioni
437 2723 501 2770 non
526 2706 735 2786 adversatur,
767 2705 823 2770 sed
846 2725 920 2772 cum
943 2708 1066 2771 ratione
1089 2709 1251 2789 conspirat
1280 2711 1345 2790 tt).
1372 2713 1460 2796 Ergo
1487 2715 1666 2780 christiana

322 2808 499 2886 revelatio,
532 2827 612 2892 quae
640 2808 727 2874 istud
751 2808 917 2874 doctrinae
939 2817 1035 2894 caput
1057 2828 1168 2875 revera
1191 2810 1438 2898 complectitur,
1473 2817 1561 2900 quin
1593 2831 1666 2878 cum

323 2911 447 2976 ratione
470 2919 613 2994 pugnet,
637 2931 711 2977 oum
734 2912 858 2978 ratione
882 2915 1050 2977 consentit.

414 3149 448 3204 w)
462 3149 532 3206 Quod
547 3149 665 3210 superiori
680 3147 826 3196 theoremate
841 3149 961 3196 evictum.
1056 3151 1091 3205 η)
1105 3147 1176 3206 Quod
1190 3160 1214 3195 n.
1227 3155 1262 3195 tc.
1276 3149 1430 3196 ostendimus.
