3622 5464
695 339 762 390 acu
787 340 1028 392 urrnrnonrcn
1481 326 1522 389 53

195 462 271 523 sunt
292 457 365 536 iiim
393 453 457 521 huc
483 465 568 536 πυρὸς
593 459 674 524 tntae
696 456 770 538 47),
797 474 861 540 qna
884 459 963 538 ipnr'e
988 459 1190 521 aemulatione.
1209 461 1436 522 consumentur
1460 454 1523 521 ad·

196 558 342 623 romarii:
367 557 431 622 huc
448 571 506 639 πῦρ
531 569 561 620 aa
587 561 738 640 capream,
763 563 861 638 tppem
882 560 1143 639 ineatinpuibiiem
1165 559 1236 638 ta),
1262 575 1328 642 quo
1351 559 1524 642 punientur

194 660 336 726 scelesti:
362 666 394 725 ei
412 659 476 726 huc
495 672 582 741 πυρὸς
606 667 712 742 φλόγα,
735 661 851 721 διδόντα
872 663 1008 726 indirecto
1027 675 1084 728 τοῖς
1101 672 1133 742 μὴ
1151 663 1241 720 ridica
1265 668 1351 737 Scis,
1367 663 1523 741 flammam

194 769 274 845 ipnis
300 764 338 825 de
362 764 585 828 invindictam
610 769 750 828 sumentis
774 769 828 843 qui
851 766 946 827 Deum
969 784 1027 828 non
1052 771 1195 828 mmmm
1217 765 1282 844 ta).

284 868 327 930 lit
343 867 501 947 quianon
517 867 692 950 intelligat,
718 865 872 933 eiusmodi
897 867 975 930 haec
998 885 1085 947 ease,
1109 885 1191 950 quae
1214 866 1291 931 reali
1313 867 1381 950 igni
1402 883 1521 930 convc-

198 969 313 1047 niunt,
337 969 558 1052 metaphorica
583 972 636 1034 vix
659 988 724 1035 non
748 969 959 1053 repugnant?
982 969 1058 1050 Quis
1080 968 1120 1035 dc
1141 969 1361 1052 metaphorica
1387 967 1524 1052 loquens

198 1071 291 1152 igne,
320 1072 433 1134 camini
459 1072 658 1153 meminerit,
685 1071 788 1151 mni,
823 1077 942 1152 omani,
968 1073 1131 1151 flammae,
1169 1071 1417 1136 odmtionielsi
1448 1070 1524 1136 haec

198 1172 447 1238 demonstrando
471 1175 537 1258 igni
561 1175 637 1240 reali
660 1193 726 1240 nou
753 1171 938 1252 sufficiunt,
963 1191 1140 1256 quaenam,
1169 1192 1310 1257 quaeso,
1335 1173 1523 1239 sufficiant?

196 1275 388 1360 Reperiam,
418 1276 632 1359 ingeminatur
663 1282 742 1357 tana
770 1267 984 1340 vocabulum:
1019 1280 1232 1359 repetuntur,
1264 1275 1522 1357 ingeminantur,

196 1395 280 1462 quac
300 1377 382 1460 ignis
402 1379 493 1444 realis
510 1381 643 1464 propria
664 1384 757 1460 sunt,
787 1395 870 1460 quae
891 1377 981 1444 illum
999 1378 1214 1457 comitantur;
1239 1380 1311 1460 quis
1332 1394 1408 1460 crgo
1429 1375 1524 1441 dabi-

195 1484 264 1543 tare
289 1484 422 1562 pergat,
449 1485 557 1546 utrum
582 1479 677 1544 realis
705 1479 746 1544 sit
769 1480 878 1562 ignis,
902 1478 942 1544 de
967 1497 1033 1562 quc
1062 1480 1244 1563 scripturae
1269 1479 1469 1563 loquuntur,
1493 1487 1525 1544 et

197 1597 265 1664 quo
287 1580 419 1665 reprobi
441 1580 606 1648 cruciandi
626 1579 861 1664 perhibentur?

597 1807 992 1901 unumunurn
1035 1809 1127 1901 iv,
1193 1743 1196 1754 ¹

398 2080 495 2144 lleolis
519 2077 630 2159 inserui
653 2080 732 2160 ipris
756 2097 795 2141 ea
821 2083 858 2141 iis
878 2081 1105 2159 enoprotamr,
1132 2099 1209 2159 puae
1232 2081 1327 2143 eidem

574 2185 606 2242 in
634 2183 733 2245 Vetere
759 2183 939 2244 Testamenta
961 2182 1146 2244 tribuuntur.

291 2404 343 2466 15.
369 2402 647 2467 Duuausrnrrrc.
674 2403 705 2466 Si
722 2400 802 2464 mihi
817 2407 899 2466 esset
919 2403 1041 2466 animus
1062 2403 1168 2466 omnia
1188 2407 1220 2466 et
1241 2401 1364 2483 singula
1387 2401 1523 2485 referre,

201 2522 282 2588 quae
307 2504 372 2567 huc
396 2504 574 2588 spectantia
597 2509 771 2568 occurrunt
794 2505 827 2569 in
844 2505 958 2569 Vetere
974 2504 1197 2585 Testamenta,
1223 2503 1399 2586 prolixam,
1422 2518 1526 2590 neme

201 2614 305 2670 amen
330 2607 542 2670 necessariam
556 2606 747 2690 adgredercr
769 2624 910 2691 operam.
935 2606 1111 2671 Contentus
1134 2624 1190 2670 cro
1205 2604 1329 2690 aliquot
1344 2605 1526 2671 testimonia

202 2709 356 2790 retulisse.
377 2709 416 2774 lu
440 2706 572 2774 Psalmis
588 2708 722 2792 legimus
745 2711 795 2790 50)
812 2730 820 2772 :
846 2712 938 2772 Pluet
958 2729 1049 2790 super
1074 2717 1240 2790 peccatores
1267 2711 1406 2789 laqueos:
1421 2713 1524 2790 ionis,

201 2821 232 2876 et
252 2814 397 2895 sulphur,
420 2820 450 2876 et
475 2818 598 2894 spiritus
617 2816 838 2895 procellarum,
864 2833 939 2894 pars
966 2815 1066 2876 calicis
1080 2815 1201 2875 eorum.
1231 2813 1269 2876 lii
1295 2827 1422 2877 rursum
1446 2815 1523 2892 51)²

199 2920 298 2980 Panes
317 2935 364 2978 eos
388 2917 594 2978 miclitanum
617 2921 705 2997 ipun.
725 2965 731 2978 .
753 2964 759 2978 .
782 2964 789 2977 .
816 2917 958 2978 Dominus
982 2919 1015 2977 in
1039 2919 1088 2976 ira
1108 2934 1163 2976 sua
1186 2915 1372 2977 conturbabit
1398 2934 1467 2994 eos,
1496 2922 1527 2978 et

201 3019 355 3080 decorabit
371 3037 419 3081 eor
438 3019 528 3098 spots.
552 3019 653 3081 Penes
666 3016 785 3081 Iobum
806 3018 878 3096 52);
905 3019 1011 3078 Omnes
1034 3017 1171 3078 tenebrae
1191 3016 1377 3078 absconditae
1403 3021 1473 3077 sunt
1493 3020 1525 3078 in

204 3119 325 3180 occultis
345 3122 429 3182 eius:
451 3121 607 3183 monebit
620 3140 686 3182 eum
708 3121 809 3199 ipris,
836 3121 890 3200 pai
904 3137 962 3181 non
984 3120 1182 3180 succenditur.
1203 3114 1299 3200 Apud
1319 3117 1432 3182 isaiam
1449 3117 1521 3197 53)e

205 3221 282 3281 Ecce
308 3220 449 3283 Dominus
474 3224 508 3284 in
533 3223 603 3302 ipae
628 3227 745 3300 ueniet,
775 3229 804 3284 et
827 3225 912 3301 quasi
939 3220 1025 3282 turbo
1049 3221 1214 3300 quadrigae
1236 3225 1321 3282 eius:
1346 3220 1474 3282 reddere,
1492 3223 1525 3282 in

205 3321 409 3401 indignatione
424 3323 563 3402 furorem
578 3343 684 3403 suum,
709 3331 739 3386 et
756 3324 984 3402 increpationem
1000 3339 1084 3383 suam
1101 3326 1133 3383 in
1147 3323 1274 3401 flamrm
1289 3325 1385 3402 ipnis:
1408 3325 1479 3401 quia
1492 3323 1526 3383 in

203 3430 273 3506 ipno
287 3425 430 3488 Dominus
446 3427 638 3504 diiudicabit,
659 3431 688 3487 et
703 3431 735 3488 in
751 3425 854 3504 plodio
867 3442 920 3486 sno
937 3425 978 3486 ad
991 3441 1103 3486 omnem
1119 3443 1248 3486 canam.
1268 3425 1306 3486 Et
1320 3424 1436 3487 iterum
1452 3423 1523 3502 54):
1595 3428 1597 3436 ’

206 3529 320 3592 Vernis
342 3547 445 3592 eorum
463 3548 521 3592 non
542 3533 703 3608 morietur,
730 3536 758 3590 el
778 3529 857 3607 r'pnis
873 3545 974 3589 eorum
991 3545 1049 3588 non
1069 3531 1271 3606 relinquetur.
1297 3526 1334 3589 In
1355 3523 1527 3610 prophetia

202 3630 376 3695 Malachiae
397 3627 470 3715 55):
493 3633 569 3694 Ecce
583 3636 660 3694 enim
680 3632 743 3692 dies
756 3635 854 3693 ueniet
869 3648 1005 3692 succensa
1021 3634 1106 3710 quasi
1118 3632 1270 3692 caminus:
1289 3636 1319 3691 et
1330 3636 1419 3691 erunt
1430 3647 1527 3696 omnes

201 3736 339 3815 superbi,
356 3741 387 3796 et
398 3733 650 3813 omnessacientes
663 3737 859 3814 impietatem,
877 3732 1003 3814 stipula,
1019 3741 1049 3796 et
1060 3733 1311 3827 inflammabiteos
1321 3734 1384 3795 dies
1394 3718 1542 3795 venienus
1639 3801 1641 3807 y

291 3837 437 3899 Iamvcro
456 3835 529 3919 quis
545 3834 738 3915 arbitretur,
759 3835 826 3908 istis
843 3834 1008 3900 coloribus
1026 3852 1091 3898 non
1111 3834 1226 3898 realem
1244 3837 1367 3917 ignem,
1390 3832 1446 3898 sed
1459 3852 1523 3898 me-

84 3978 86 3983 ·
202 3936 409 4020 taphoricum
424 3934 579 4020 depingi?
597 3938 643 4001 ae
658 3937 733 4018 igne
751 3937 871 4020 agitur,
889 3927 945 4019 qui
963 3937 1044 4018 urit,
1062 3937 1117 4019 qai
1133 3935 1166 4000 in
1182 3936 1340 4000 flammam
1354 3936 1524 4017 excrescit,

203 4039 259 4120 qui
281 4036 435 4115 devorat,
463 4041 518 4121 qui
541 4058 606 4103 non
630 4039 843 4120 extinguitur,
867 4044 899 4102 ct
919 4057 993 4123 prae
1015 4057 1080 4122 qno
1105 4037 1234 4122 reprobi
1257 4047 1332 4104 sunt
1351 4039 1451 4103 instar
1471 4040 1527 4103 sti·

203 4139 295 4222 pulac
317 4140 569 4208 succendendas.
595 4141 655 4206 sed
671 4142 750 4205 haec
766 4142 871 4224 ignem
890 4141 1007 4206 realem
1030 4141 1269 4224 demonstrant,
1295 4160 1397 4225 neque
1417 4139 1527 4207 dator-

205 4244 295 4323 queri
318 4243 360 4308 ad
380 4243 489 4324 ignem
514 4243 766 4328 metaphoricum
789 4244 856 4308 sinc
882 4244 1032 4308 violentia
1054 4242 1198 4328 possunt.
1251 4267 1254 4273 ·

296 4434 331 4481 to)
344 4431 399 4476 Lac.
412 4432 474 4479 tivi.
487 4439 520 4478 ut.
876 4447 877 4450 ¹
984 4435 1020 4487 at)
1034 4433 1070 4479 Po.
1083 4434 1133 4480 xx.
1149 4440 1182 4479 10.

296 4499 331 4552 47)
344 4501 416 4548 tichr.
429 4505 458 4550 x.
469 4509 504 4550 tt.
986 4506 1021 4562 aa)
1036 4503 1085 4551 lob.
1097 4506 1149 4552 XX.
1161 4514 1195 4551 aa.

297 4570 331 4627 ta)
345 4571 416 4618 Marc.
429 4576 469 4620 lx.
483 4581 519 4621 tt,
985 4579 1021 4631 aa)
1035 4578 1106 4622 isaiae
1115 4575 1194 4622 LXVI.
1211 4583 1291 4633 tt,1a.

288 4643 333 4698 ¹⁴⁹)
346 4643 376 4688 11.
386 4643 465 4692 Thess.
476 4645 495 4690 l.
505 4651 529 4690 8:
542 4645 679 4703 inflamma
691 4647 753 4704 ignia
762 4647 842 4692 dantis
868 4687 872 4694 ,
984 4648 1019 4705 ot)
1033 4647 1092 4693 [bid.
1104 4660 1126 4694 v.
1137 4654 1170 4693 it.

206 4709 337 4843 uindictae?
346 4714 403 4832 lp'ir,
418 4718 460 4773 qui
480 4729 527 4762 non
543 4721 658 4763 noverunt
672 4719 754 4766 uam.
985 4721 1019 4774 aa)
1033 4718 1134 4766 maaca.
1149 4720 1187 4766 Ν.
1203 4726 1222 4765 l.

296 4791 323 4831 aa
365 4799 383 4834 s.
396 4790 424 4834 x.
436 4795 457 4834 7.
