3622 5464
301 341 343 404 52
804 355 847 404 nr
869 355 950 406 rasa
972 355 1118 404 susanne

389 474 580 542 demutatur
602 479 760 540 commata
778 472 1020 558 quadragesimo
1041 479 1150 558 sexto,
1172 489 1239 558 quo
1261 475 1434 558 exequutio
1452 476 1627 540 sententiae

300 575 503 642 describitur.
516 575 641 642 Etenim
657 573 782 660 prohib
796 577 950 641 dementi&
960 575 1095 657 Christi,
1112 581 1268 658 πορεύεσθε
1281 577 1321 644 εἰς
1336 585 1368 637 τὸ
1380 587 1439 658 πῦρ
1452 586 1483 637 τὸ
1498 579 1628 650 αἰώνιον,

301 682 442 745 discedite
464 686 498 744 ν’νε
520 685 620 761 iqnem
645 687 821 759 aetemum,
850 677 1017 759 subditur,
1044 677 1135 765 qnod
1160 686 1186 742 ot
1207 687 1389 762 κατνραμεννι
1412 684 1626 758 ἀπελεύσονται,

300 785 451 848 maledieti
472 785 710 866 ibone-qno,
738 781 898 846 obsecro?
914 781 1069 850 tidelioet
1083 783 1242 869 inignem
1265 783 1529 869 metaphoricum.
1555 787 1630 851 Ine-

302 891 357 970 pte
376 890 409 950 et
436 882 584 950 absurde.

390 985 582 1053 confutatur
594 987 834 1070 comparatione
847 986 993 1051 instituta
1005 986 1123 1054 eleetos
1134 987 1218 1054 inter
1231 995 1265 1054 et
1276 988 1445 1073 reprobos.
1459 989 1507 1052 De
1518 989 1630 1054 electis

302 1090 438 1172 dieitur,
456 1088 546 1174 quod
561 1088 772 1174 possidebunt
788 1107 923 1173 regnum
940 1091 978 1154 iia
993 1096 1170 1175 paraturus
1185 1091 1413 1158 eonsfitutione
1429 1090 1541 1155 mundi
1554 1093 1627 1172 40),

301 1200 334 1258 et
351 1191 440 1277 quod
455 1192 550 1258 ibunt
566 1197 603 1260 ute
626 1200 694 1261 ζωὴν
719 1198 827 1252 αἰώνιον
851 1193 917 1272 41).
938 1191 1017 1275 Sed,
1036 1193 1173 1277 opinor.
1191 1193 1273 1259 reale
1290 1193 1351 1259 erit
1367 1210 1518 1276 regnum,
1537 1191 1629 1277 quod

300 1295 377 1360 insti
393 1293 623 1380 possidebunt,
642 1300 675 1359 et
691 1294 782 1360 realis
797 1291 881 1375 νῆν)
900 1313 965 1378 qua
980 1294 1139 1360 fruentur.
1156 1296 1234 1377 Quis
1247 1313 1325 1378 ergo
1342 1295 1502 1376 ambigat,
1519 1302 1629 1361 utrum

301 1397 395 1463 realis
411 1415 542 1483 qnoque
558 1397 685 1462 tutunus
707 1396 748 1461 sit
769 1402 861 1478 εμννεν,
889 1414 955 1479 quo
976 1397 1107 1480 reprobi
1129 1398 1374 1481 eruciabantur,
1399 1404 1431 1462 et
1452 1397 1534 1464 reule
1555 1418 1631 1480 mp-

297 1504 442 1583 puerum,
472 1518 538 1584 quo
561 1497 760 1584 punientur?

391 1602 580 1691 confutatur
604 1621 643 1666 ex
669 1601 769 1667 verbo
791 1622 924 1686 perure,
951 1619 1017 1688 qno
1043 1604 1096 1684 tr)
1121 1603 1223 1668 utitur
1247 1602 1405 1670 cbristus.
1432 1603 1558 1668 Eleetos
1580 1602 1631 1667 al·

302 1707 437 1791 loquens
463 1707 526 1770 ait:
550 1706 702 1768 Possidete
718 1712 864 1787 paratum
884 1707 968 1768 vobis
986 1725 1110 1787 reputem
1126 1726 1147 1769 a
1160 1709 1365 1770 mentitub'one
1386 1707 1510 1785 mundi;
1533 1709 1566 1769 et
1586 1703 1630 1770 ad

302 1807 478 1893 reprobos:
512 1809 658 1871 Discedite
683 1813 716 1872 iu
740 1813 839 1889 §quem
863 1814 1017 1870 retensum
1041 1815 1186 1889 puratum
1211 1809 1331 1872 diabolo
1354 1814 1383 1870 et
1409 1808 1524 1888 ampelio
1548 1807 1627 1868 eim.

302 1915 372 1995 Age
395 1911 476 1990 iam,
502 1909 682 1975 cuiusmodi
705 1910 825 1975 censeri
853 1909 949 1975 debet
977 1927 1111 1993 regnum
1138 1909 1246 1976 electis
1270 1915 1417 1993 paratum
1441 1907 1482 1973 ab
1503 1908 1630 1991 origine

303 2012 441 2079 mundi?
455 2013 538 2076 Num
562 2011 840 2097 metaphoricum?
862 2011 924 2076 Sed
945 2013 1016 2095 quis
1037 2031 1076 2078 eo
1095 2030 1197 2100 usqne
1214 2012 1402 2078 fabuletur?
1425 2013 1510 2096 Ergo
1534 2008 1631 2075 realis

303 2117 442 2202 puriter,
465 2121 499 2180 et
517 2133 583 2180 non
601 2115 838 2198 metaphoricae
859 2115 922 2180 erit
941 2115 1025 2197 ignis
1046 2115 1177 2180 diabolo
1199 2114 1373 2198 euangelia
1393 2115 1460 2179 eins
1482 2119 1627 2198 paratus.

390 2217 532 2284 Tandem
547 2217 628 2301 quid
640 2217 785 2283 futurum
800 2218 842 2282 sit
856 2235 1055 2301 consequens
1068 2235 1107 2282 ex
1124 2217 1263 2283 discessu
1280 2223 1317 2286 εἰς
1333 2228 1364 2279 τὸ
1381 2229 1438 2298 περ
1454 2227 1485 2278 τὸ
1500 2223 1629 2291 «tuom,

304 2321 478 2407 explicatur
502 2325 660 2385 commate
688 2319 930 2404 quadragesimo
954 2326 1044 2385 sexto
1073 2320 1122 2384 bis
1146 2320 1271 2386 verbis:
1298 2322 1339 2384 Et
1363 2322 1450 2385 ibunt
1477 2320 1632 2384 maledieti

270 2413 273 2420 ’
304 2429 342 2492 eta
364 2430 478 2482 antaeo
503 2429 627 2498 αἰώνιον,
651 2428 684 2486 tn
700 2425 880 2504 supplicium
902 2430 1066 2487 ueternum.
1088 2423 1174 2507 Ergo
1192 2422 1324 2488 effeetus
1345 2441 1384 2486 ex
1401 2423 1474 2504 igne
1498 2427 1629 2487 aeterno

304 2525 471 2592 dimanans
500 2526 561 2590 erit
587 2530 751 2590 aeternum
776 2524 1019 2590 maledictorum
1040 2525 1244 2609 supplicium.
1272 2525 1334 2591 Sed
1362 2525 1471 2605 realis,
1501 2531 1534 2590 et
1558 2543 1623 2590 non

304 2627 514 2712 metaphoriei
537 2633 585 2692 eat
603 2626 687 2710 ignis
704 2626 861 2707 cruciare,
887 2625 1043 2709 affligere,
1065 2631 1230 2712 torquere.
1255 2630 1340 2712 Ergo
1358 2627 1442 2711 ignis
1460 2632 1625 2708 aeternus,

303 2731 337 2797 in
360 2749 456 2815 quem
480 2728 638 2795 maledieti
659 2727 847 2810 abscedam,
873 2728 966 2794 realis
990 2734 1057 2812 est,
1080 2747 1147 2794 non
1168 2731 1417 2815 metaphorieus.

696 2955 1089 3112 ΤῌΕΟΒΕΜΑ
1130 2959 1231 3050 111.

485 3211 586 3292 Reulir
613 3210 726 3291 insonti
751 3212 832 3291 iqou
859 3229 899 3272 em
924 3211 963 3272 iis
989 3211 1214 3292 comprobatur,
1252 3229 1328 3291 quoe
1352 3209 1447 3274 eidern

677 3316 710 3375 in
726 3315 808 3375 Nono
836 3314 1016 3376 Testamenta
1041 3313 1258 3376 attribuuntur.

396 3549 449 3615 14.
475 3549 751 3615 Dumousrasruo.
780 3548 996 3632 proprietates
1016 3555 1047 3613 et
1068 3548 1221 3614 attributa
1247 3567 1285 3612 ea
1311 3556 1401 3632 sunt,
1419 3565 1500 3632 qnae
1522 3565 1630 3612 rerum

306 3656 436 3719 naturas
457 3649 637 3732 declarant,
660 3657 693 3714 et
713 3669 751 3715 ex
771 3648 907 3735 quibus,
928 3649 1107 3714 cuiusmodi
1130 3669 1180 3714 res
1199 3651 1281 3732 sint,
1301 3659 1390 3716 certo
1410 3651 1627 3732 cognoscitur.

307 3753 407 3837 Atqui
436 3771 472 3818 ea
498 3752 537 3817 de
561 3753 636 3836 igne
660 3752 775 3817 inferni
805 3751 956 3817 dicuntur
978 3753 1117 3816 inNovo
1140 3753 1359 3834 Testamente,
1387 3760 1419 3822 et
1442 3771 1478 3818 ea
1500 3750 1548 3816 iili
1569 3750 1630 3817 ad·

306 3855 508 3934 scribuntur,
537 3873 617 3938 quae
639 3855 747 3938 ignem
770 3854 887 3920 realem
912 3852 1151 3930 demonstrant,
1176 3855 1398 3938 metaphorieo
1420 3874 1495 3920 non.
1510 3871 1631 3918 eonve-

306 3959 409 4022 niunt.
430 3958 502 4022 Huc
522 3962 705 4041 opportune
722 3957 867 4022 retuleris
885 3967 933 4022 τὴν
956 3964 1069 4038 κάμινον
1093 3969 1144 4017 eos
1167 3967 1271 4038 πυρόν,
1294 3963 1441 4022 mminum
1457 3961 1552 4038 tynio,
1573 3955 1631 4019 ubi

247 4055 252 4070 ’
306 4060 441 4143 zizania,
467 4058 594 4142 idest,
620 4059 750 4144 reprobi
774 4058 1004 4126 comburentur
1030 4062 1107 4142 43):
1134 4061 1202 4125 hue·
1221 4071 1268 4127 τὴν
1294 4065 1388 4140 tepeo
1404 4055 1465 4126 ’τὴν
1489 4065 1631 4139 aaronem

306 4175 373 4242 erupi
397 4172 443 4220 και
467 4167 548 4238 θείῳ,
571 4169 710 4242 stupeum
728 4165 879 4226 ardentem
899 4168 967 4243 tque
983 4172 1013 4227 et
1026 4164 1171 4244 sulphure
1188 4163 1260 4244 44),
1284 4166 1316 4228 in
1342 4181 1438 4248 quem
1460 4161 1632 4246 proiieien-

306 4269 360 4330 tur
384 4283 510 4345 omnes,
541 4264 598 4348 qui
621 4262 662 4329 ad
688 4265 854 4331 coelestem
880 4265 1141 4331 Ierusalemnon
1166 4268 1343 4352 pertinent:
1370 4267 1434 4330 hue
1458 4275 1505 4324 τὸν
1529 4275 1631 4324 καπνὸν

306 4381 357 4429 τοῦ
379 4373 567 4450 βασανισμοῦ,
592 4368 715 4450 fumum
737 4376 952 4432 tennentomm
969 4369 1041 4450 45),
1069 4368 1127 4453 qui
1155 4368 1297 4434 aseendit
1320 4370 1354 4432 in
1375 4369 1500 4433 saecula
1519 4385 1631 4432 saecu·

306 4472 432 4540 lorum:
457 4472 522 4538 hue
539 4477 641 4552 φλόγα,
660 4475 687 4531 εν
704 4465 723 4558 ἦ
737 4472 905 4549 troanno,
920 4472 1086 4552 flonammn,
1104 4476 1136 4536 ν’νι
1152 4491 1214 4553 que
1229 4475 1401 4536 οννννίανιινν
1416 4472 1473 4554 qui
1489 4469 1632 4537 damuati

399 4661 435 4712 νο)
449 4657 534 4704 natta.
547 4659 618 4704 xxv.
633 4665 666 4705 oe.
962 4631 966 4641 “
1090 4656 1320 4709 animaruum.

277 4765 279 4769 ,
398 4734 434 4785 41)
448 4730 507 4776 lbtd.
523 4742 545 4775 v.
560 4737 594 4777 εε.
929 4737 937 4768 ε
1089 4729 1124 4784 sq
1138 4729 1210 4784 Aper.
1225 4729 1285 4772 xxl.
1297 4733 1319 4771 8.

398 4802 434 4860 ιι)
447 4801 530 4852 Matre.
542 4803 613 4848 xxv.
626 4808 665 4857 εε,
678 4808 713 4848 ea.
1089 4800 1123 4853 εν)
1135 4797 1193 4843 lhtd.
1206 4799 1267 4846 xiv.
1280 4803 1314 4844 rr.
