3622 5464
700 329 743 376 D!
766 327 996 376 ΔΠΙΙΜΤΔΤΙ
1010 325 1202 374 ,ΝΙΜΒΙΙΙ

802 531 1098 604 senoutolt

356 767 359 774 ·
379 745 431 808 19.
456 740 550 806 Tanti
572 739 724 804 momenti
741 744 789 803 eat
806 738 885 803 baeu
903 738 1038 820 vetitas,
1063 742 1160 821 atqua
1180 736 1339 801 numanus
1351 753 1462 802 sensus
1482 737 1527 803 illi
1543 743 1615 802 tau·

288 853 400 932 tepere
421 844 621 926 refragatur,
646 847 683 906 ut
705 859 822 926 operae
845 840 985 924 pretium
1007 842 1067 921 sit,
1092 837 1197 904 eidem
1210 838 1273 904 alia
1287 839 1383 904 etiarn
1401 841 1471 920 ria,
1487 840 1616 924 alioque

289 957 385 1036 puoto
408 948 504 1014 iidem
526 945 707 1012 eoneiliare.
733 941 773 1008 ld
795 941 884 1028 qnod
906 943 1061 1008 condono
1084 941 1302 1026 adgredimur.

686 1193 1088 1290 rfluounmn
1123 1193 1219 1286 Vl.

291 1463 371 1526 Bene
395 1461 528 1524 mosetto
549 1459 626 1522 ratio
648 1457 727 1521 nibil
747 1462 778 1520 io
802 1475 836 1520 eo
856 1457 1052 1538 deprehendit
1073 1458 1216 1537 absurdi,
1243 1457 1324 1536 quod
1342 1459 1422 1520 neos
1446 1458 1526 1540 tapes
1547 1476 1617 1520 sues

444 1561 588 1626 eiusmodi
605 1563 765 1640 privativis
786 1565 891 1640 poenis
915 1565 1046 1638 mamm,
1073 1579 1149 1640 quoe
1168 1567 1316 1641 perpetuo
1339 1561 1458 1622 darent.

381 1769 435 1835 20.
461 1767 737 1832 Dauonsrnsrro.
763 1766 855 1831 Nolle
885 1771 933 1830 eat
958 1763 1160 1849 respublica,
1189 1782 1272 1850 quae
1292 1757 1360 1830 iure
1388 1783 1453 1846 non
1475 1766 1619 1849 potiatur

164 1895 167 1900 ·
293 1867 563 1937 animadvertendi
593 1869 625 1932 in
655 1867 811 1952 quaedem
841 1869 959 1932 oinium
987 1869 1120 1932 erimina
1147 1873 1303 1952 perpetua
1333 1867 1412 1932 boui
1441 1869 1619 1932 eommunis

292 1971 482 2060 priuatione.
509 1973 591 2038 liino
612 1971 646 2035 iu
669 1971 758 2050 omui
781 1970 944 2054 republica
962 1971 1011 2034 ius
1028 1969 1218 2052 infligendae
1239 1969 1371 2052 mortis,
1393 1969 1619 2054 indicendiqne

292 2076 437 2164 perpetui
452 2073 544 2140 exilii.
567 2073 628 2138 Sed
650 2073 785 2158 desipiat
801 2091 925 2137 neeesse
940 2079 988 2136 est
1006 2073 1063 2156 qui
1084 2071 1229 2138 detrabat
1247 2072 1334 2154 Deo,
1358 2071 1447 2157 quod
1465 2074 1619 2157 supremis

291 2180 438 2246 humanis
459 2175 696 2258 magistratibus
720 2194 831 2240 ornnes
853 2174 1043 2240 concedunt.
1070 2176 1156 2239 Inest
1180 2193 1257 2258 ergo
1282 2177 1352 2240 Deo
1377 2177 1426 2240 ius
1447 2194 1619 2242 suas-san-

171 2295 173 2302 ’
293 2282 395 2348 ciendi
418 2281 504 2363 leges
525 2279 637 2364 poenis
658 2278 831 2359 eiusmodi,
856 2296 939 2362 quae
962 2280 1027 2342 sint
1050 2284 1233 2361 perpetuae.

383 2385 436 2448 21.
463 2385 502 2448 Et
528 2399 601 2446 sane
626 2399 684 2445 eur
708 2399 774 2444 non
802 2379 1004 2445 inessettrtu
1034 2381 1090 2444 Dei
1116 2382 1150 2445 in
1176 2379 1323 2446 homines
1351 2380 1526 2448 dominium
1553 2401 1620 2448 nou

294 2494 342 2552 est
363 2484 574 2570 supremum?
602 2485 704 2548 Immo
736 2501 813 2547 vero
844 2501 1027 2566 supremum
1058 2501 1153 2566 quam
1185 2483 1273 2568 quod
1300 2485 1457 2566 maxime,
1492 2504 1566 2552 eum
1589 2491 1622 2550 et

201 2641 205 2650 .
294 2586 601 2654 creator-hominnm
621 2586 690 2669 ipse
705 2584 746 2648 sit
764 2591 795 2648 et
811 2590 1035 2666 conservator,
1053 2584 1256 2670 humanaque
1271 2587 1380 2653 omnia
1397 2607 1435 2652 ex
1451 2589 1518 2654 eius
1540 2594 1621 2654 nntu

295 2688 465 2774 pendeant.

384 2790 445 2856 Sed
460 2790 669 2873 iorteimpar
686 2795 734 2853 est
750 2788 848 2854 bomo
867 2806 989 2874 poenae
1006 2795 1179 2873 perpetuae
1194 2789 1367 2856 ferendae?
1383 2795 1499 2878 Utique
1515 2794 1541 2860 si
1557 2813 1621 2860 uua

295 2915 369 2962 eum
382 2913 519 2979 corpore
533 2900 621 2959 totus
637 2893 736 2958 bomo
755 2899 875 2976 pereat,
894 2910 997 2975 nequo
1014 2892 1204 2956 immortalis
1217 2896 1354 2976 supersit
1369 2899 1489 2962 anima:
1509 2898 1630 2981 utique·

295 2998 429 3084 siquod
451 3005 639 3082 perpetuum
658 3003 705 3061 est
721 3002 753 3061 et
766 2996 902 3077 dieitur,
928 3013 966 3058 eo
988 2994 1078 3080 quod
1098 2995 1186 3060 nullo
1208 2997 1392 3062 conclusum
1413 2999 1533 3080 limito,
1555 3018 1622 3065 non

297 3104 337 3167 sit
356 3102 493 3166 linitum.

384 3202 444 3268 Sed
464 3203 547 3266 iuter
567 3220 703 3286 poenam
722 3207 910 3286 perpetuam
929 3207 961 3264 et
977 3200 1154 3266 crimenub
1173 3201 1303 3267 bomine
1322 3204 1494 3270 admissum
1511 3225 1549 3270 ea
1564 3204 1623 3271 de-

297 3303 454 3370 sideratur
479 3304 670 3389 proportio,
695 3321 791 3386 quam
815 3304 935 3368 iustitia
956 3303 1053 3386 erigit
1077 3304 1110 3368 in
1132 3305 1243 3386 poenis
1267 3304 1515 3373 distribuendis?
1538 3309 1624 3376 ltibil

298 3407 422 3487 minus,
451 3399 517 3470 sive
544 3413 690 3471 naturam
713 3404 862 3488 inspicias
888 3405 985 3488 iuris,
1014 3403 1102 3489 quod
1124 3407 1193 3470 Deo
1217 3408 1251 3470 in
1275 3405 1419 3474 homines
1446 3409 1621 3495 nompetit,

297 3511 364 3576 sive
379 3507 486 3600 estleia
499 3515 640 3591 spectes,
657 3507 775 3592 quibus
791 3507 937 3572 homines
953 3506 993 3572 ad
1010 3506 1214 3574 deferendam
1228 3510 1296 3576 lieo
1314 3511 1531 3578 omnimodam
1546 3513 1624 3579 obe-

298 3611 450 3677 dientiam
467 3610 674 3692 obligantur:

387 3714 441 3776 Ias
460 3715 515 3776 Dat
539 3718 571 3774 io
594 3714 725 3776 bominac
745 3716 794 3776 est
814 3712 945 3777 omuino
967 3728 1142 3795 summum,
1166 3712 1217 3777 im
1235 3719 1283 3780 est
1304 3719 1473 3800 creatoris,
1502 3718 1622 3785 domini

268 3851 273 3860 ·
300 3819 333 3878 et
349 3813 539 3896 legislatoris
557 3813 712 3897 supremi.
732 3814 817 3895 Ergo
834 3813 885 3878 ius
900 3819 968 3894 est,
990 3811 1081 3897 qnod
1098 3815 1212 3898 poenis
1229 3817 1373 3882 omnium
1389 3818 1533 3884 maximis
1551 3839 1621 3886 san·
1641 3833 1645 3838 ·
1680 3855 1688 3872 ·

300 3916 357 3982 eiri
379 3922 508 4002 potest,
533 3935 573 3980 ue
595 3915 749 3981 laedatur.
788 3933 792 3944 ·
826 3967 831 3982 r

390 4020 497 4100 Officio
518 4026 642 4100 autem,
665 4018 783 4104 quibus
810 4017 955 4084 homines
975 4017 1016 4085 ad
1040 4016 1256 4086 obediendum
1281 4023 1348 4087 Deo
1369 4029 1537 4105 tenentur,
1562 4024 1624 4090 iuri

300 4122 359 4189 Dei
377 4124 411 4187 in
429 4122 575 4188 homines
596 4119 808 4206 respondent:
832 4119 980 4188 videlieet
998 4127 1074 4186 suut
1096 4122 1339 4206 perfectissima,
1363 4131 1438 4190 suut
1458 4125 1619 4207 maoluta,

300 4232 375 4290 sunt
398 4243 558 4308 suprema.
585 4225 668 4308 Ergo
691 4224 821 4290 illorum
846 4223 978 4289 violatio
1005 4241 1042 4288 ea
1066 4229 1133 4305 est,
1156 4241 1238 4308 quae
1259 4228 1416 4310 supremis
1435 4228 1547 4311 poenis
1563 4227 1625 4290 im·

300 4327 403 4414 pediri
425 4335 542 4413 potest.

390 4431 494 4513 Quare
511 4430 724 4513 ostendimus,
744 4430 863 4495 nullam
886 4431 918 4495 iu
934 4449 973 4495 eo
993 4447 1145 4514 apparere
1161 4448 1318 4516 pugnam,
1337 4432 1426 4515 quod
1443 4434 1528 4500 Deus
1543 4452 1624 4518 poe·

301 4538 351 4602 nis
371 4533 535 4623 privativis
555 4539 710 4618 perpetuo
731 4532 891 4601 duraturis
912 4534 998 4615 leges
1020 4551 1092 4599 suas
1113 4533 1243 4598 sanciat.
