3622 5464
690 324 965 375 'communiamus
988 326 1012 375 1.

565 575 960 671 Tflnonnmn
1003 579 1104 670 ΙΙΙ.

211 819 376 882 Aetemitus
387 833 555 898 poemenem
569 819 607 878 its
624 816 795 879 testimoniis
809 815 949 897 efficitur,
969 818 1077 898 quidese
1091 819 1302 900 eneruesque
1319 821 1460 901 eupliaita

636 919 804 982 eorumdem
810 923 886 999 fluis
901 927 1038 1001 nepotas.

264 1167 317 1230 18.
342 1151 619 1230 nnnonsrmmo.
652 1164 739 1245 Quae
757 1164 867 1231 futura
890 1165 932 1231 sit
956 1164 1084 1232 duratio
1099 1184 1296 1252 poenarum,
1322 1186 1405 1251 qnae
1429 1169 1492 1234 im·

171 1265 295 1353 probos
316 1272 456 1350 manent,
483 1264 805 1333 deotarstrtonannos
825 1269 970 1352 Baptista
992 1274 1174 1334 contestans
1197 1266 1266 1356 52),
1293 1269 1384 1355 quod
1408 1272 1495 1336 Deus

169 1375 274 1453 poleos
291 1371 442 1434 comburet
460 1371 527 1451 ipui
551 1373 789 1451 inextinguibili,
810 1395 878 1453 πυρι
897 1372 1032 1452 ἀσβέστῳ.
1058 1371 1177 1437 Eadem
1191 1371 1277 1456 apud
1300 1373 1419 1439 Lunam
1441 1375 1492 1454 53)

171 1473 329 1557 repetitur
342 1472 478 1555 phrasis,
495 1490 593 1556 quum
608 1471 760 1538 Iohannis
775 1475 899 1557 κήρυγμα
913 1475 1062 1541 refertur.
1078 1477 1150 1560 Ipse
1163 1482 1268 1540 antem
1281 1477 1427 1542 Christus
1441 1478 1492 1556 54)
1588 1497 1591 1502 ·

171 1574 283 1656 donet,
301 1574 396 1659 louge
414 1575 511 1639 satius
532 1573 717 1642 hominihus
737 1595 804 1643 esse
822 1578 1012 1663 temporalia
1036 1579 1167 1662 quaevis
1191 1576 1377 1661 deperdere,
1396 1596 1492 1662 qnam

171 1679 302 1740 urstisio
327 1677 365 1746 εἰς
391 1675 436 1744 τὴν
460 1679 583 1757 pisaeus,
610 1678 648 1746 ιἰς
667 1678 701 1738 τὸ
722 1683 780 1761 πῦρ
805 1681 836 1742 τό
858 1680 1006 1762 ἄσβεστον·
1028 1677 1096 1741 ὅπου
1120 1683 1138 1741 o‘
1159 1682 1259 1750 σκώληξ
1284 1683 1370 1742 αὐτῶν
1387 1685 1423 1740 od
1443 1707 1493 1742 τι-

172 1788 265 1865 λωτᾷ,
288 1783 332 1844 καὶ
354 1783 384 1845 ee·
407 1773 472 1861 ηὗρ’
490 1782 523 1840 oi
544 1783 699 1862 epitomes,
721 1788 766 1848 ire
783 1789 816 1848 iu
835 1785 1011 1866 eumenum,
1031 1786 1064 1848 iu
1082 1790 1181 1864 ipuem
1198 1786 1287 1848 illum
1308 1789 1493 1868 tuentiupui-

172 1891 273 1970 ditem,
294 1890 349 1951 udi
369 1891 477 1951 oomnis
497 1905 599 1950 eorum
620 1885 679 1950 uou
701 1886 838 1980 moritur,
868 1894 898 1951 et
918 1893 997 1968 ipuis
1014 1906 1071 1951 uon
1094 1891 1296 1968 eedepuitur.

258 1991 400 2056 Iamvero
423 1987 515 2071 plura
537 1988 607 2053 heio
627 1987 725 2071 digna
751 1995 838 2072 sunt,
861 2006 944 2073 qnae
966 1989 1171 2055 adnotentur.

258 2093 285 2156 t.
309 2091 341 2156 Si
361 2089 488 2156 duratio
503 2107 676 2173 numquam
697 2088 837 2156 desitura
860 2090 1067 2157 describenda
1088 2091 1186 2173 esset,
1209 2108 1384 2174 quaenam,
1399 2089 1491 2156 ohse-

169 2213 240 2277 oro,
260 2193 356 2259 verba
382 2193 449 2272 sive
469 2192 693 2273 luculentiora,
714 2194 779 2258 sive
802 2192 982 2258 efficaciora
1008 2198 1138 2278 possent
1159 2192 1331 2257 adhiberi?
1370 2205 1373 2214 ’

257 2297 301 2362 Π.
330 2298 429 2361 Nemo
455 2296 581 2380 estqui
611 2313 674 2360 non
700 2296 873 2379 persentiat
897 2297 961 2360 vim
980 2295 1236 2380 propositionum
1261 2293 1405 2386 absolute
1435 2314 1491 2361 na-

42 2465 46 2468 .
168 2399 325 2483 gantiam.
349 2399 412 2462 Eae
434 2397 549 2462 limites
570 2397 730 2480 reiioiunt,
747 2397 869 2463 induite
886 2403 1070 2477 excurrunt,
1092 2396 1245 2479 nulloque
1269 2396 1392 2461 ambitu
1413 2417 1490 2463 eou-

168 2504 266 2568 tineri
289 2507 433 2587 possunt.
463 2500 561 2584 Atqui
590 2507 622 2566 et
653 2499 811 2566 Iohannes
840 2507 872 2564 et
897 2501 1042 2565 Christus
1066 2500 1303 2582 propositiones
1335 2507 1490 2584 usurpant

170 2605 316 2670 absolute
336 2609 499 2686 negantes:
520 2604 574 2668 ille
592 2622 664 2668 cam
678 2603 840 2687 poenalem
851 2603 958 2686 ignem
974 2608 1067 2668 voest
1086 2600 1230 2683 ἄσβεστον,
1248 2606 1441 2665 tuentioetum
1456 2609 1489 2668 et

168 2709 448 2790 inextinguibilem:
462 2704 516 2770 hie
535 2725 636 2790 quum
656 2705 741 2771 idem
761 2705 946 2790 ingeminat,
968 2712 1062 2789 atque
1076 2711 1240 2790 praeterea
1260 2705 1370 2785 addit,
1385 2704 1416 2764 τὸ
1433 2710 1489 2786 πῦρ

168 2818 201 2873 ot
224 2813 376 2894 σβέννυται,
400 2812 478 2890 ipuis
496 2829 555 2873 uou
576 2811 777 2889 extinguitur.
834 2793 838 2802 ’

255 2915 315 2980 ΙΠ.
339 2910 445 2980 Verba
470 2911 587 2977 Christi
611 2909 777 2995 desumpta
799 2916 873 2975 sunt
894 2929 932 2974 ex
956 2910 1087 2975 oraonlo
1112 2910 1210 2974 Isaiae
1230 2912 1296 2990 55).
1316 2910 1377 2975 Sed
1399 2911 1489 2996 qnod

168 3015 312 3081 Christus
337 3014 437 3096 dicit,
461 3014 504 3074 καὶ
529 3013 560 3074 τό
586 3016 643 3094 πῦρ
669 3015 877 3096 stapionem,
900 3019 1045 3094 temporo
1067 3012 1244 3095 praesenti,
1265 3011 1351 3094 apud
1374 3015 1488 3078 isaiam

166 3151 228 3225 est,
254 3150 399 3228 tempore
428 3144 552 3225 tuturo,
582 3146 689 3240 Πξξῌ
717 3123 764 3209 55
794 3135 922 3240 flii-‘i‘
950 3161 1014 3228 qua
1041 3142 1195 3226 temporis
1220 3141 1323 3207 forma
1349 3142 1487 3210 vividius

167 3261 261 3325 etiam
283 3260 471 3344 exprimitur
494 3261 676 3327 aeternitas.

254 3364 310 3427 lv.
336 3362 607 3450 Quemadmodum
630 3364 743 3444 lsaias,
766 3363 810 3428 ita
831 3369 864 3427 et
884 3361 1027 3428 Christus
1047 3379 1121 3425 oum
1135 3361 1209 3444 igne
1225 3362 1281 3445 qui
1302 3357 1368 3427 non
1384 3339 1486 3429 ertia-

167 3471 302 3548 guetnr,
324 3465 428 3546 iungit
452 3471 485 3529 et
502 3465 604 3530 sociat
627 3484 768 3531 vermem
790 3483 856 3531 non
874 3466 1076 3530 moriturum.
1103 3463 1166 3528 Sed
1186 3463 1265 3548 quid
1291 3468 1400 3529 vermis
1424 3485 1484 3531 no·

167 3569 251 3632 mine
277 3566 492 3651 exprimitur?
516 3566 612 3646 Quod
642 3567 728 3652 apud
755 3569 898 3634 Marcum
924 3574 971 3632 ast
1001 3572 1159 3643 renutet,
1181 3566 1267 3651 apud
1294 3569 1406 3632 Isaiam
1435 3575 1484 3632 est

110 3751 114 3758 ,
167 3685 296 3774 nttJts't·
319 3698 418 3780 Atqui
446 3716 524 3763 voae
547 3673 665 3776 ny}‘'tta
696 3697 826 3782 proprie
849 3697 1006 3780 designari
1033 3699 1228 3761 vermiculum
1252 3698 1393 3775 rubrum,
1419 3717 1483 3760 eoe-

165 3816 297 3892 eiueum,
322 3815 417 3877 certis
436 3813 630 3897 argumentis
650 3810 908 3878 demonstrarunt
923 3812 1100 3878 Boohartns
1119 3809 1174 3899 56)
1192 3819 1223 3878 et
1240 3814 1397 3877 Braunius
1416 3814 1479 3893 57).

164 3941 302 4005 Rursum
322 3939 492 4006 collatione
514 3959 587 4004 oum
603 3941 666 4005 atio
685 3942 785 4005 Isaiae
808 3941 881 4008 loco
905 3940 960 4029 58)
982 3947 1132 4026 apparet,
1158 3919 1276 4020 tityus
1302 3941 1368 4006 sive
1391 3921 1481 4034 apim

163 4062 279 4141 typum
302 4073 369 4120 esse
394 4062 426 4120 et
450 4056 621 4138 imaginem
644 4057 835 4121 intrinsecus
857 4057 1013 4121 manantis
1034 4057 1167 4141 peceati.
1192 4055 1297 4136 Quare
1320 4055 1480 4140 Christus,

163 4161 219 4243 qni
236 4178 296 4244 pro
316 4160 455 4244 pennatis
475 4159 679 4244 semetipsum
698 4158 817 4224 obtulit
833 4159 1024 4224 sacrificinm
1043 4161 1129 4240 Deo,
1153 4160 1235 4224 sicut
1251 4167 1405 4241 peecatum
1427 4177 1483 4223 aa·

164 4288 232 4368 dit,
262 4289 307 4353 ita
334 4290 368 4352 in
397 4289 529 4354 Psalmis
551 4266 642 4383 5)ξῆῑῆ
667 4296 870 4372 nunonpatnr
898 4291 963 4369 59).
995 4291 1080 4370 Ergo
1108 4287 1325 4372 metaphorica
1352 4287 1480 4370 quidem
1525 4337 1526 4342 .
1556 4371 1560 4378 ἢ

239 4458 275 4509 tt)
287 4457 371 4504 statu
387 4459 428 4505 111.
449 4466 482 4505 tt.
935 4459 970 4513 57)
984 4459 1019 4502 De
1031 4457 1138 4503 Vestibus
1148 4457 1222 4502 sacris
1234 4457 1296 4502 libro
1309 4460 1326 4501 1.
1339 4468 1383 4514 aap
1403 4459 1453 4503 XV.
1494 4463 1497 4474 “

240 4529 275 4584 aa)
288 4529 345 4575 Luc.
362 4532 403 4576 111.
422 4538 453 4577 17.
935 4530 970 4584 55)
984 4529 1014 4573 Is.
1031 4531 1049 4573 1.
1064 4536 1095 4574 18:
1110 4529 1135 4574 Si
1142 4528 1236 4584 suerint
1247 4529 1342 4586 penante
1353 4529 1430 4572 vestre
1441 4537 1481 4570 ru·

239 4601 274 4656 55)
287 4601 360 4646 iture.
376 4603 416 4646 lx.
429 4609 503 4649 tt-ta.
847 4601 890 4645 bre
901 4601 969 4658 paesi
980 4600 1135 4656 vermiculus,
1146 4599 1204 4644 siem
1216 4601 1273 4645 tuuu
1284 4599 1338 4643 otoo
1349 4601 1425 4642 erum.
1469 4591 1472 4602 '

235 4672 271 4727 55)
285 4674 315 4716 ts.
328 4673 408 4718 LXVI.
426 4681 460 4718 *tta
477 4674 570 4719 Vermis
585 4685 666 4718 eorum
680 4685 728 4718 nou
741 4686 792 4718 uso·
933 4673 967 4727 ut)
982 4673 1018 4717 Ps.
1034 4673 1106 4717 xxti.
1120 4677 1141 4717 7:
1155 4672 1204 4729 Epo
1217 4673 1296 4716 estun
1310 4682 1363 4714 sum
1379 4668 1477 4721 vermis,

158 4739 248 4798 meter,
262 4747 284 4787 et
300 4742 360 4798 mete
377 4756 457 4788 eorum
473 4758 520 4788 uon
537 4745 695 4801 extinguetur.
847 4745 869 4788 et
885 4756 931 4788 uon
944 4744 1019 4788 doum

238 4813 272 4868 55)
288 4812 420 4858 Hierozoiei
427 4814 451 4858 Ρ.
458 4813 486 4859 11.
502 4813 793 4872 tibrotvnupttexxvtt.

1362 4904 1378 4954 2
