3622 5464
713 361 780 409 1οΝ
804 361 1046 410 unaufloumo

618 605 1016 708 rnnonuom
1053 533 1143 710 ιι.Ι

296 865 500 944 Arqumentts
518 881 558 926 co·
577 869 720 926 sententio
739 863 852 928 Christi
861 865 966 944 petitia
981 866 1161 944 ostenditur,
1181 864 1332 942 infernum
1351 877 1449 950 iguem

676 984 735 1030 iaco
754 985 814 1030 erra
836 967 1079 1050 metoptorioum.
1212 1009 1217 1024 ·

291 1205 356 1266 11.
381 1201 659 1268 uuoasraarm.
678 1202 708 1267 Si
730 1200 862 1286 qnando
884 1219 1010 1270 neoeme
1032 1208 1080 1268 ast
1107 1201 1282 1269 verborum
1309 1207 1540 1292 proprietatem

186 1303 363 1386 rainere,
390 1311 423 1370 et
445 1303 729 1388 metaphoricis,
756 1304 946 1390 longiusque
968 1305 1078 1390 petitia
1100 1305 1418 1390 interpretationibus
1440 1311 1540 1378 abati·

187 1423 299 1487 nere3
321 1412 397 1471 tum
412 1407 613 1490 potissimum
629 1405 664 1471 it
680 1404 749 1470 lieri
766 1405 880 1486 debet,
903 1425 1003 1490 quum
1019 1414 1125 1474 textus
1142 1415 1348 1492 enarrantur,
1373 1413 1428 1496 qui
1446 1431 1538 1498 prae·

189 1513 320 1591 cepta,
339 1507 533 1585 sententias,
548 1555 556 1571 .
571 1554 579 1571 .
595 1553 604 1572 .
622 1507 788 1573 continent
809 1508 874 1590 39).
896 1509 993 1593 Atqui
1008 1508 1116 1576 verbis
1127 1509 1242 1576 Christi
1259 1528 1340 1595 qnae
1357 1513 1540 1597 explanari·

190 1625 293 1690 mus,
311 1610 474 1675 sententia
487 1609 689 1692 continetur,
707 1625 803 1694 quem
818 1609 887 1694 ipse
898 1616 935 1676 ut
949 1629 1117 1695 supremus
1131 1612 1281 1677 rivorum
1293 1619 1325 1678 ct
1336 1622 1539 1683 mortuorum

188 1710 301 1777 iudex
327 1713 364 1778 in
386 1711 438 1777 elie
462 1711 594 1776 ultionis
618 1711 858 1796 pronuntiabit.
886 1713 972 1798 Ergo
998 1715 1190 1799 proprietati
1211 1715 1385 1784 uerborum
1411 1722 1540 1804 potiau'·

192 1830 293 1879 murn
325 1812 562 1880 mbaareudnm·
575 1817 635 1878 eat.

293 1915 363 1982 Sed
385 1915 521 1982 dicitur:
541 1921 694 2000 repeirri·
709 1918 751 1980 ist
767 1920 850 1999 ipeii.
865 1964 871 1977 .
886 1963 894 1978 .
911 1921 951 1999 aie
967 1928 998 1981 ai
1012 1931 1071 2001 rip
1086 1929 1118 1980 ai
1133 1921 1255 1982 uitrici.
1277 1923 1362 2004 Ergo
1384 1923 1537 2006 quamdiu

197 2029 278 2080 aare
306 2027 388 2103 partu
412 2019 512 2086 rerba
534 2031 567 2082 aa
590 2033 648 2102 asp
668 2030 701 2082 eo
725 2022 836 2082 atteras
858 2040 923 2088 uon
941 2021 1214 2107 metaphoricum,
1232 2024 1289 2090 aad
1308 2043 1418 2090 rerum
1434 2027 1538 2110 sapei.

198 2131 302 2190 ment
327 2123 457 2207 ignem,
479 2123 603 2190 tamdiu
621 2125 677 2192 illa
698 2143 766 2192 non
786 2123 827 2191 de
847 2124 1086 2209 metaphorico,
1111 2126 1166 2192 aad
1186 2125 1227 2192 tle
1247 2145 1325 2192 raro
1344 2131 1440 2210 atque
1461 2129 1537 2194 reali

173 2215 174 2220 ’
200 2225 285 2310 igne
310 2227 517 2311 accipiamus.

302 2331 356 2394 tt.
380 2331 492 2414 Neque
512 2347 589 2394 saus
611 2327 724 2410 rideo,
748 2347 807 2394 cur
826 2329 974 2412 neglecto
993 2349 1087 2396 seusu
1108 2333 1259 2416 proprio,
1282 2329 1321 2396 ad
1339 2331 1535 2417 metaphori-

205 2449 283 2498 cum
302 2434 345 2497 sit
359 2431 620 2516 confugiendum.
642 2435 692 2498 Au
707 2435 799 2496 uerbo
814 2438 882 2514 s'pso
895 2432 1149 2518 metaphoricum
1165 2437 1292 2520 potins,
1310 2453 1407 2519 ιιιιιιιιι
1423 2438 1536 2504 realem

209 2536 394 2618 uapmmnnt
414 2533 547 2617 ignem
568 2536 672 2600 Immo
697 2535 757 2602 nisi
780 2533 930 2600 adiuncta
952 2535 987 2600 id
1011 2537 1201 2622 ostendant,
1231 2546 1263 2601 et
1283 2549 1341 2619 etp
1364 2557 1535 2624 marsque·

211 2635 253 2702 do
274 2635 514 2724 metaphorioo,
536 2655 662 2722 semper
683 2637 723 2706 tle
745 2637 822 2703 reali
842 2637 916 2721 igue
938 2639 1161 2723 explicabitur.
1188 2641 1248 2708 Sed
1271 2645 1318 2706 rei
1338 2649 1449 2706 notura
1469 2661 1535 2710 noa

210 2741 353 2824 patitur,
375 2745 412 2804 ut
431 2755 541 2806 sensus
562 2742 717 2826 proprius
736 2741 906 2806 tencatur?
930 2742 994 2806 Gur
1018 2743 1204 2808 enimvero?
1227 2744 1322 2826 Quod
1342 2763 1446 2828 noque
1465 2743 1535 2810 dia·

208 2842 305 2910 bolus
322 2852 355 2911 at
370 2844 475 2928 angeli
493 2844 578 2926 eius,
595 2862 701 2929 neque
725 2843 940 2928 reproborum
957 2846 1081 2908 animae
1103 2845 1180 2910 reali
1200 2847 1272 2928 igue
1289 2846 1381 2911 aduri
1400 2850 1532 2931 possint.

210 2945 388 3012 Subtiliter:
415 2965 526 3012 rerum
548 2965 605 3011 cur
625 2947 718 3014 aduri
734 2964 799 3012 uon
818 2946 974 3032 possunt?
990 2946 1085 3028 Quod
1101 2965 1175 3012 oum
1191 2949 1254 3012 sint
1271 2949 1416 3032 spiritus,
1436 2951 1536 3014 actio-

214 3063 288 3112 nem
304 3049 468 3131 materiae,
492 3067 574 3132 quac
590 3055 681 3114 motu
699 3055 822 3113 tantum
840 3047 958 3130 expleri
976 3053 1100 3132 potest,
1123 3049 1231 3114 subire
1248 3056 1416 3132 nequeant.
1437 3053 1534 3135 Atqui

216 3144 303 3212 illam
326 3150 526 3216 nihilomiuus
549 3151 686 3217 subeunt
705 3151 845 3230 animae,
868 3148 1021 3232 quamdiu
1045 3169 1163 3233 corpus
1188 3150 1373 3217 informant.
1401 3155 1450 3217 An
1474 3152 1534 3218 dc-

209 3249 325 3314 sinunt
348 3267 413 3316 esse
437 3255 583 3336 spiritus,
608 3268 706 3338 quum
730 3249 976 3316 vehementioris
1001 3252 1115 3316 caloris
1139 3249 1307 3318 aitectionc
1331 3253 1536 3320 cruciantur?

203 3345 391 3418 llelotionos
409 3354 492 3419 iuter
515 3354 681 3420 materiam
703 3359 736 3418 et
755 3354 900 3439 spiritum
923 3370 990 3418 non
1014 3353 1094 3419 adeo
1121 3354 1214 3418 nobis
1237 3360 1310 3420 sunt
1333 3362 1532 3440 compertae,

209 3459 249 3519 ut
269 3453 427 3521 affirmare
449 3455 668 3522 indubitanter
687 3458 861 3542 possimus,
885 3454 963 3540 quid
987 3454 1056 3520 fieri
1076 3456 1197 3539 possit,
1218 3455 1295 3538 quid
1320 3464 1488 3539 repugnet.

298 3559 508 3642 intelligimus
525 3559 698 3623 materialia
712 3558 940 3624 commotionis
956 3575 1088 3641 capaces
1101 3575 1167 3622 nou
1179 3575 1247 3622 asse
1259 3559 1403 3640 spiritus,
1421 3563 1534 3641 utpote

211 3661 266 3744 qni
282 3679 389 3745 neque
402 3662 523 3725 extensi
536 3661 620 3740 sint,
637 3653 741 3746 neque
759 3662 923 3743 resistant3
942 3666 975 3725 at
990 3679 1058 3725 noa
1073 3677 1173 3743 aequo
1189 3659 1411 3742 intelligimus,
1425 3667 1534 3724 atnam

208 3781 276 3828 non
298 3763 379 3829 alius
398 3769 525 3846 praesto
545 3763 586 3828 sit
605 3753 740 3846 modus,
765 3780 831 3847 quo
856 3763 931 3846 fiat,
959 3770 995 3828 ut
1020 3781 1079 3846 pro
1103 3769 1191 3827 certo
1216 3761 1410 3846 delinitoque
1430 3769 1532 3828 mata·

207 3865 275 3930 riae
300 3871 409 3944 motu,
439 3863 628 3948 quibusdam
656 3865 888 3932 sensationibus
914 3866 1044 3949 spiritus
1071 3865 1261 3929 afficiantur.
1286 3863 1324 3929 ld
1344 3866 1534 3949 experientia

207 3965 388 4047 docemur,
412 3969 508 4032 certis
526 3967 718 4050 quibusdam
738 3969 885 4052 corporis
903 3968 1044 4050 organici
1064 3966 1333 4032 commotionibus
1350 3965 1534 4031 utioctioncs

207 4069 307 4133 animi
335 4065 435 4132 modo
463 4069 638 4154 iucundas,
668 4089 754 4136 nune
782 4070 934 4135 molestas
959 4069 1164 4154 respondere.
1191 4069 1242 4134 lta
1265 4067 1336 4132 lieri
1360 4085 1420 4152 pro
1444 4071 1539 4131 certo

207 4172 344 4254 soimns3
368 4171 535 4255 quomodo
556 4171 631 4255 fiat,
655 4173 853 4256 igumcmus.
928 4169 931 4178 ’
1424 4231 1428 4238 .

297 4275 381 4357 llrgo
411 4292 493 4358 quac
520 4273 673 4343 obiicitur
697 4292 823 4358 pugna,
857 4279 894 4340 ut
919 4273 1093 4338 verboram
1114 4273 1298 4356 proprietas
1326 4269 1529 4351 exundetur,

210 4373 298 4439 uulla
319 4383 379 4443 est.
406 4377 628 4444 Retinebimus
647 4379 756 4462 itaque
777 4377 951 4442 vorborum
970 4377 1213 4460 proprietatem.

301 4479 352 4542 1³.
378 4482 424 4548 lio
443 4480 495 4546 rel
516 4481 637 4564 magis,
655 4479 747 4564 quod
763 4497 876 4551 matta
887 4479 1127 4564 metaphoricos
1146 4478 1267 4562 magnis
1286 4477 1423 4544 omuino
1436 4476 1533 4542 racto·

209 4575 304 4643 nibus
327 4583 522 4649 confutetur.

297 4825 334 4876 aa)
346 4821 381 4868 Cis
394 4835 417 4868 n.
432 4829 451 4868 t.
