3622 5464
668 359 956 410 consumamus
981 363 1019 410 n.
1475 347 1515 411 37

183 478 319 563 probari
349 485 476 565 potest,
508 478 605 562 quad
625 479 750 544 nonnisi
772 479 888 544 iniuste
918 478 1167 545 condonationis
1193 484 1227 543 et
1254 479 1362 543 veniae
1390 484 1518 562 tempus

184 579 228 646 ad
250 581 334 646 hauc
356 580 583 646 mortalitatem
606 587 799 647 coarctetur.

209 724 212 733 ·
273 685 371 768 Atqui
386 685 448 749 tria
464 701 484 749 a
500 683 594 748 nobis
609 682 826 749 demonstrata
839 689 934 748 sunt:
953 687 980 748 1.
997 684 1113 749 rationi
1131 684 1313 749 nullatenus
1332 682 1514 762 adversari,

185 785 275 871 quod
296 789 406 853 veniae
422 795 550 872 tempus
572 789 668 852 certis
690 785 882 876 quibusdam
903 787 1057 853 limitibus
1080 787 1251 853 definiatur
1268 789 1320 868 4);
1344 788 1388 852 11.
1411 771 1517 871 neque

184 891 300 956 rationi
314 890 489 970 adversari,
509 889 599 975 quod
615 891 648 954 bi
663 891 779 955 limites
793 893 966 975 praesentis
985 893 1068 956 vitoe
1082 891 1206 956 ambitu
1223 889 1449 956 contineantur
1466 893 1513 970 il:

185 993 243 1058 111.
262 992 344 1059 belle
368 1012 443 1059 cum
466 995 589 1059 ratione
607 1011 811 1076 congruere,
835 1013 875 1058 ne
897 994 980 1058 ultra
1001 999 1128 1077 tempus
1142 995 1316 1078 praesentis
1332 995 1414 1058 ritae
1432 1011 1530 1058 con-2

184 1098 366 1164 donationis
389 1105 422 1164 et
447 1099 557 1165 veniae
578 1117 651 1183 spes
674 1107 868 1182 prorogetur
887 1101 930 1180 6).
955 1102 1039 1183 Ergo
1062 1102 1139 1183 quin
1164 1101 1280 1165 rationi
1307 1098 1514 1178 adversetur,

183 1220 258 1266 cum
280 1203 406 1268 ratione
428 1195 537 1285 potius
559 1201 699 1287 perbelle
721 1204 888 1288 congrunt,
912 1209 950 1268 ut
968 1204 1028 1288 qui
1047 1202 1198 1268 oharico
1216 1209 1307 1267 reatu
1330 1202 1444 1286 culpae
1461 1221 1517 1266 su·

183 1322 332 1387 promum
356 1303 478 1369 obeunt
500 1303 604 1386 diem,
629 1304 752 1370 tamdiu
775 1324 893 1389 poenas
916 1305 1025 1386 luant,
1050 1305 1204 1390 quamdiu
1226 1305 1376 1370 existunt.

601 1567 998 1664 Trimontium
1037 1570 1104 1663 V.

192 1801 272 1864 &aa
293 1775 428 1866 comaclen
449 1807 525 1866 ectio
546 1803 625 1866 utet
648 1805 682 1866 ic
705 1821 738 1866 eo
764 1803 958 1884 deprehendit
982 1803 1129 1880 absurdi,
1163 1803 1243 1882 qood
1267 1804 1321 1882 qci
1347 1801 1518 1863 moriuntur

422 1907 514 1986 culpo
537 1905 688 1985 obrtn'ett,
708 1925 821 1987 poenos
844 1910 931 1970 temet
945 1913 1092 1987 perpetuo
1109 1907 1282 1969 duraturos.

280 2127 329 2191 17.
354 2127 633 2193 Demonsrnnrro.
664 2127 773 2213 Nuper
793 2127 987 2213 disputando
1010 2127 1206 2193 confecimus
1232 2130 1287 2208 7),
1311 2126 1427 2190 rationi
1451 2143 1517 2188 non

186 2226 366 2309 adversari,
390 2228 490 2293 immo
514 2247 586 2294 eum
609 2232 733 2296 ratione
755 2231 952 2311 consentire,
978 2233 1091 2316 utqui
1115 2250 1131 2294 e
1156 2231 1220 2294 vita
1243 2225 1401 2294 excedunt
1426 2233 1517 2292 reatu

184 2330 299 2413 culpae
320 2330 484 2410 obstricti,
509 2331 631 2397 tamdiu
654 2333 846 2417 puniantur,
872 2332 1024 2418 quamdiu
1046 2334 1193 2398 existunt.
1222 2329 1283 2396 Sed
1306 2332 1426 2396 animae
1451 2329 1515 2392 bu-
1574 2393 1576 2400 ,

185 2448 297 2496 manae
319 2449 355 2497 ea
377 2439 425 2496 est
447 2432 608 2515 conditio,
633 2442 670 2500 ut
691 2437 823 2500 intereat
846 2450 1040 2518 numquam,
1067 2453 1257 2519 semperque
1280 2433 1392 2498 emetat
1415 2439 1512 2516 atque

187 2533 286 2597 uvat.
312 2535 396 2616 Ergo
418 2533 490 2600 lieri
512 2553 578 2602 non
601 2543 725 2621 potest,
752 2544 790 2602 nt
811 2539 931 2603 rationi
955 2537 1162 2616 adversetur,
1191 2538 1264 2603 illos
1285 2535 1382 2621 plecti
1405 2535 1519 2620 poenis

189 2642 345 2719 perpetuo
361 2636 542 2718 duraturis,
562 2641 617 2723 qni
635 2641 703 2705 lieo
723 2641 863 2723 inimici,
887 2649 920 2706 et
935 2641 1061 2724 poenali
1082 2642 1237 2707 sanctioni
1263 2639 1394 2706 obnoxii
1422 2658 1516 2725 prae·

187 2740 284 2804 sentis
307 2741 390 2806 vitae
416 2761 544 2808 cursum
572 2742 756 2809 absolvunt.
958 2805 963 2814 .

280 2845 329 2907 18.
355 2843 395 2908 ut
417 2861 495 2924 eur,
514 2863 656 2928 quaeso,
681 2847 797 2912 rationi
820 2833 1063 2913 adversaretur?
1079 2847 1162 2911 llum
1179 2846 1268 2930 quod
1285 2843 1435 2910 immeriti
1453 2861 1516 2928 pu-

184 2945 356 3012 nirentur?
378 2948 440 3012 Sed
462 2949 531 3032 ipse
564 2955 669 3014 reatus
697 2951 845 3016 meritum
875 2957 922 3016 est
948 2949 1132 3016 sufficiens:
1165 2967 1243 3031 ergo
1273 2949 1362 3014 reatu
1392 2964 1519 3030 semper

186 3053 358 3127 manente,
380 3061 505 3134 semper
526 3047 637 3116 itidem
659 3058 766 3117 manet
788 3069 913 3137 poenae
935 3049 1085 3134 dignitas.
1314 3043 1318 3056 “

277 3145 338 3214 Sed
363 3151 389 3213 si
410 3159 593 3235 peccatores
617 3156 822 3237 resipiscant,
853 3157 879 3218 si
902 3155 1023 3220 iactum
1046 3160 1240 3234 retractent,
1265 3155 1290 3217 si
1314 3151 1355 3218 ad
1378 3151 1516 3216 divinam

188 3248 380 3330 confugiant
404 3253 679 3320 miscricordiam?
707 3253 831 3336 Audio,
863 3265 895 3322 at
920 3256 1013 3322 simul
1040 3255 1134 3320 video
1151 3255 1365 3320 haeclrustra
1391 3256 1515 3339 reponi.
1625 3283 1629 3294 ¹

191 3347 312 3431 Detur,
332 3352 421 3434 quod
443 3355 503 3419 ista
526 3361 632 3423 omnia
650 3365 682 3423 et
697 3359 822 3443 possint
837 3366 869 3424 et
886 3359 984 3424 velint
1003 3362 1036 3424 in
1054 3357 1153 3425 altero
1177 3357 1302 3422 saeculo
1319 3364 1514 3442 peccatores.

190 3451 263 3515 Non
280 3454 415 3535 proinde
432 3455 586 3524 infectum
601 3459 748 3526 redditur
766 3461 854 3545 quod
872 3462 992 3527 factum
1010 3470 1070 3527 est:
1088 3480 1154 3526 non
1172 3460 1306 3544 proinde
1323 3458 1516 3544 verumfnon

189 3562 314 3639 manet,
340 3565 555 3644 contemptura
582 3563 622 3627 ab
648 3563 708 3628 illia
734 3561 848 3644 inisse,
877 3563 1035 3649 ‚quamdiu
1061 3566 1225 3644 vixerunt,
1255 3563 1392 3628 divinam
1421 3562 1517 3626 boni·

188 3662 304 3722 tatem:
331 3679 397 3725 non
413 3663 551 3744 proinde
568 3665 683 3732 laisum
699 3675 762 3749 est,
790 3671 931 3754 potuisse
950 3672 1052 3734 Deum
1069 3676 1196 3751 tempus
1217 3669 1324 3732 veniae
1342 3673 1374 3731 et
1398 3665 1519 3730 condo·

188 3759 326 3824 nationis
346 3763 504 3829 limitibus
527 3769 669 3834 mortalis
692 3771 776 3836 vitae
799 3771 1075 3838 circumscribere.

277 3862 400 3943 Quare,
415 3867 443 3930 si
457 3865 538 3951 quid
552 3885 591 3934 ex
603 3870 748 3938 instituta
760 3875 947 3958 exceptione
964 3861 1187 3957 consequitur,
1202 3872 1265 3936 hoc
1276 3877 1340 3935 est:
1356 3863 1525 3952 integrum
1549 3874 1554 3882 ’

186 3979 255 4026 osse
282 3966 352 4029 Deo
382 3967 513 4034 illorum
543 3989 674 4057 quoque
704 3977 863 4057 misereri,
895 3979 950 4061 qui
973 3983 1157 4062 peccatores
1183 3975 1282 4040 vitam
1306 3973 1462 4052 obierint;
1486 3981 1519 4037 at

185 4065 366 4132 nullatenus
387 4073 615 4157 consequitur,
640 4077 690 4140 vel
713 4077 812 4143 Deum
830 4078 945 4144 dehere
966 4081 1095 4145 illorum
1115 4079 1273 4161 misereri,
1298 4077 1348 4141 vel
1365 4095 1429 4140 non
1449 4095 1512 4159 po-

187 4171 283 4235 tuisse
301 4175 403 4238 Deum
421 4173 577 4242 eiusmodi
596 4179 816 4264 providentiae
834 4183 980 4247 ordinem
997 4183 1204 4269 praeeligere,
1231 4201 1296 4266 quo
1314 4184 1441 4265 posito,
1460 4202 1517 4245 us-

188 4291 253 4356 que
275 4279 438 4360 remissio,
468 4295 571 4365 neque
599 4285 692 4349 venia
715 4284 775 4349 illis
798 4285 928 4350 concedi
959 4283 1097 4364 debeat,
1129 4287 1184 4370 qui
1215 4293 1345 4370 peccato
1370 4283 1514 4350 obstricti

189 4376 272 4442 bano
294 4382 522 4448 mortalitatem
546 4389 698 4452 eruerint.

281 4619 303 4664 t>
316 4615 351 4658 el.
367 4628 405 4660 rin.
421 4625 447 4672 tt,
464 4625 496 4662 lu.
608 4663 610 4668 ,
971 4637 992 4676 ω
1007 4627 1042 4672 Ci.
1058 4637 1097 4669 nn.
1116 4632 1152 4680 13,
1169 4633 1199 4670 ll.

280 4693 302 4741 bt
313 4687 347 4733 cl.
362 4701 402 4734 nri.
422 4699 460 4744 tl,
477 4699 509 4738 lu.
971 4704 992 4748 7)
1006 4697 1093 4742 Theoi.
1108 4697 1214 4754 praeced.
