3622 5464
703 351 968 400 conuanraarns
991 354 1030 401 ιι.
1491 341 1533 402 35

296 469 393 533 Forte
412 467 483 551 ipsa
503 483 609 532 rerum
630 475 742 533 natura
762 468 919 533 eiusmodi
942 469 1059 535 limites
1084 471 1357 553 praestituentur?
1376 474 1474 558 Atqui
1496 495 1535 542 er

207 589 315 636 rerum
331 576 445 635 notura
460 568 524 634 boc
540 569 677 634 babetur
692 588 810 636 unum:
830 574 934 655 posita
949 571 1046 636 semel
1061 573 1140 656 legis
1157 572 1350 654 violatione,
1373 577 1534 659 integrum

208 691 276 738 csse
291 673 465 756 legislatori
487 673 674 739 intentatam
696 673 893 740 sanctionem
918 691 1015 760 opere
1033 676 1164 759 exequi,
1185 681 1218 740 et
1234 675 1275 742 ad
1291 694 1438 742 normam
1455 678 1534 762 legis

208 775 380 840 insontem
403 761 666 841 animadvertere.
686 777 774 842 Unus
796 793 873 858 ergo
895 783 992 843 restat
1008 777 1114 861 Deus,
1139 778 1196 863 qui
1219 797 1279 864 pro
1297 799 1442 862 summo,
1465 800 1532 866 quo

206 879 338 964 pollet
329 897 422 959 rura,
449 878 566 943 limites
586 876 742 961 deliniat,
773 878 859 944 intra
881 897 964 962 quos
987 882 1090 964 possit
1119 884 1274 948 contracti
1296 883 1421 950 sceleris
1442 886 1534 949 venia
1602 921 1604 926 ·

206 979 356 1044 obtineri.

291 1082 406 1148 llerito
424 1099 501 1164 ergo
531 1081 686 1165 diximus,
705 1082 786 1149 nibil
803 1083 892 1168 qood
908 1084 1067 1151 absonum
1084 1086 1142 1166 sit,
1168 1084 1259 1170 qood
1280 1087 1361 1152 bene
1382 1089 1531 1156 consulta

202 1183 328 1250 ratione
350 1183 567 1269 improbetur,
593 1185 627 1249 in
649 1203 688 1249 eo
713 1187 860 1268 reperiri,
882 1186 972 1271 quod
993 1186 1131 1252 voluerit
1155 1190 1257 1271 Deos,
1281 1195 1316 1276 ut
1338 1192 1393 1275 qoi
1416 1191 1531 1259 limites

200 1295 306 1353 essent
320 1287 495 1371 praesentis
508 1287 610 1368 vitae,
626 1287 723 1354 iidem
739 1289 854 1354 limites
871 1307 1001 1374 qnoque
1019 1290 1125 1356 forent
1139 1293 1249 1359 veniae
1267 1292 1473 1359 obtinendae.

598 1529 995 1627 Tflnonnntn
1032 1534 1131 1627 lll.

203 1803 279 1864 Cum
289 1803 450 1883 panoplia
463 1806 587 1865 rationis
602 1803 739 1883 opprime
758 1807 911 1884 congruit,
934 1811 971 1867 ut
982 1809 1035 1884 qni
1050 1810 1120 1868 ιιιιιι
1133 1807 1240 1868 limites
1253 1773 1418 1887 procem
1432 1811 1524 1891 offae,
1630 1839 1642 1851 ··

430 1905 462 1968 ln·
481 1923 597 1986 qaoque
618 1911 792 1968 censeantur
811 1908 919 1969 libriles
935 1908 1154 1986 coaequandae
1175 1909 1290 1972 coaice.
1358 1997 1361 2004 ἱ

290 2112 341 2174 13.
368 2111 643 2177 Dnuonsrnarro.
670 2111 846 2178 Fatendum
861 2113 1077 2197 eslingenue,
1104 2112 1227 2177 nullum
1245 2132 1311 2178 esse
1329 2115 1524 2197 principium

159 2217 162 2226 '
197 2229 261 2276 nna
285 2219 498 2304 compertum
512 2214 652 2296 ratione,
679 2233 716 2278 ex
743 2232 809 2298 quo
834 2214 976 2298 legitima
991 2214 1086 2280 simul
1102 2221 1134 2279 et
1151 2218 1325 2280 necessaria
1342 2235 1525 2302 consequu-

195 2317 284 2380 tione
298 2316 473 2381 inferatur:
497 2335 585 2402 spem
610 2319 719 2382 veniae
744 2317 828 2382 ultra
851 2315 967 2382 limites
989 2318 1165 2402 praesentis
1181 2318 1263 2382 vitae
1285 2319 1437 2402 protendi
1457 2339 1523 2386 noo

195 2435 301 2502 posse.

183 2535 186 2544 ·
286 2521 419 2604 Ecquod
433 2523 519 2588 enim
540 2529 622 2588 essct
642 2520 802 2588 eiusmodi
820 2521 1040 2606 principium?
1056 2522 1148 2590 Unde
1173 2521 1397 2589 derivaretur?
1412 2526 1461 2590 An
1484 2545 1523 2592 ex

195 2624 357 2690 attributis
374 2623 513 2691 divinis?
534 2624 595 2690 Sed
609 2627 694 2691 inter
710 2624 863 2692 attributa
886 2623 995 2692 divina
1015 2625 1096 2693 illnd
1118 2631 1204 2690 extat
1225 2634 1257 2690 et
1278 2627 1413 2708 eminet,
1432 2628 1522 2712 qood

192 2728 280 2793 Deus
293 2728 335 2792 sit
348 2733 480 2792 snorum
495 2726 657 2796 donorum
670 2726 837 2809 dominns,
856 2727 946 2814 quod
961 2746 1086 2813 semper
1103 2728 1204 2814 possit
1219 2727 1342 2814 lapsum
1351 2729 1520 2798 bominem

191 2831 331 2916 erigere,
349 2838 556 2916 erectumque
570 2832 732 2916 impertita
745 2831 838 2897 venia
853 2831 986 2898 adnare.

280 2936 332 2999 An
357 2953 395 2998 ex
415 2952 523 2999 rerum
547 2934 684 3000 natural
705 2935 822 3019 Utique
848 2934 954 3018 urgeri
978 2951 1085 2999 rerum
1110 2907 1222 2999 natura
1245 2942 1373 3020 posset,
1399 2937 1425 3000 si
1446 2955 1520 3001 cum

190 3037 350 3119 praesenti
364 3037 430 3102 vita
444 3043 556 3116 totus,
574 3042 711 3120 quantm
725 3043 792 3120 est,
817 3036 917 3102 bomo
941 3035 1098 3102 interiret.
1129 3037 1226 3121 Atqui
1243 3039 1358 3136 melior
1379 3039 1519 3105 eiusdem

192 3155 268 3220 pars
286 3145 447 3220 superstes
466 3147 585 3219 manet,
605 3140 756 3207 naturalis
777 3140 900 3206 arbitrii
918 3140 1073 3217 libertas,
1099 3159 1181 3224 quaa
1202 3142 1310 3206 saltem
1335 3142 1365 3208 si
1391 3143 1519 3208 iuvatur
1551 3137 1557 3220 J

190 3238 364 3319 driutius,
383 3246 490 3325 potest
505 3243 701 3328 resipiscere,
722 3249 819 3328 atqua
834 3246 918 3325 Deo,
933 3261 994 3328 pro
1010 3244 1124 3309 iniuria
1138 3244 1244 3325 illata,
1265 3244 1371 3329 aliquo
1387 3243 1518 3358 tandem

191 3349 287 3429 pacto
310 3343 501 3409 satisfacere
1219 3390 1223 3396 ι

280 3447 391 3530 Neque
407 3445 530 3511 inferas
537 3455 726 3532 propterea,
740 3446 925 3533 probabiles
939 3439 1034 3512 etian'r
1052 3389 1161 3512 deesse
1173 3447 1332 3529 rationes,
1348 3465 1429 3532 quoe
1442 3467 1516 3514 sua-

190 3549 307 3628 deant,
337 3567 517 3632 congruum
538 3550 681 3634 apprime
702 3570 788 3633 csse,
813 3557 850 3615 ut
866 3549 988 3615 ambitu
1013 3551 1183 3636 praesentis
1204 3551 1288 3615 vitae
1308 3570 1381 3634 spes
1404 3553 1537 3629 veniae,

189 3658 385 3716 coerceatur.
405 3651 530 3732 Adsunt
546 3652 703 3719 eiusmodi
720 3654 876 3736 rationes,
896 3672 1032 3738 quarum
1048 3654 1171 3738 aliquas
1186 3652 1348 3730 indicabo.
1443 3727 1445 3734 ,

280 3755 331 3818 14.
358 3757 465 3822 Prima
488 3758 608 3841 petitur
635 3775 672 3820 ex
693 3759 916 3840 praesensione
933 3756 1090 3841 quadam,
1115 3775 1178 3840 qna
1201 3775 1326 3840 semper
1349 3756 1514 3822 bominum

186 3859 296 3940 generi
312 3877 498 3942 persuasum
514 3858 609 3924 fuisse
633 3859 776 3940 videtur,
794 3858 937 3923 merendi
955 3858 1202 3940 demerendique
1224 3865 1350 3940 tempus
1371 3857 1411 3923 ad
1430 3858 1514 3924 bauo

186 3963 285 4027 vitam
301 3961 470 4044 restringi,
487 3968 520 4026 et
535 3968 611 4046 post
626 3962 706 4026 banc
722 3964 819 4026 vitam
840 3961 948 4026 locum
972 3980 1038 4026 non
1056 3979 1123 4025 esse
1142 3962 1200 4026 nisi
1223 3961 1274 4024 vel
1292 3963 1432 4043 praemio
1452 3972 1513 4046 pro

184 4063 268 4129 bene
293 4062 392 4146 gestia
414 4063 465 4128 vel
487 4081 610 4147 poenae
639 4082 699 4147 pro
722 4063 869 4147 improbe
891 4063 996 4128 iactis.

273 4164 425 4247 Accedit,
456 4165 546 4248 qnod
571 4166 646 4231 licet
664 4173 745 4250 *post
773 4173 910 4230 mortem
937 4171 1097 4249 superstes
1120 4165 1226 4229 animo
1254 4170 1395 4245 maneat,
1427 4166 1514 4228 tomo

185 4272 292 4333 tamon
308 4267 444 4348 desinit,
464 4269 519 4352 qui
534 4270 638 4333 anima
654 4274 686 4332 et
703 4287 838 4352 corpore
854 4268 1049 4344 continetur.
1066 4265 1127 4330 Se'd
1143 4267 1195 4332 lex
1212 4266 1285 4330 dcta
1301 4274 1350 4330 est
1368 4266 1509 4341 homiui,

185 4365 308 4436 bomini
322 4371 501 4435 iniunctum
519 4369 759 4454 obtemperandi
777 4370 940 4453 officium,
963 4369 1086 4434 bomini
1104 4370 1270 4452 proposita
1288 4369 1425 4436 sanctio.
1443 4368 1511 4432 llo·-

140 4459 144 4468 ’
184 4471 280 4536 minis
292 4474 453 4556 igiturest
467 4491 530 4557 pro
547 4475 719 4538 contractis
737 4473 838 4557 culpis
852 4472 1052 4554 satisfacere,
1072 4491 1149 4552 nec,
1171 4472 1299 4536 bomine
1323 4470 1507 4550 desinente,

182 4573 298 4658 aliquis
316 4574 524 4641 videturesse
541 4593 635 4660 posse
651 4575 793 4659 reliquus
808 4576 899 4639 locus
913 4574 1120 4639 satisfactioni
1136 4580 1168 4638 ei
1184 4575 1307 4641 veniae.

271 4679 439 4743 Praeterea
459 4679 510 4743 lac
535 4679 674 4743 voluisse
696 4681 816 4761 Deum,
842 4683 879 4742 ut
900 4677 994 4741 etiam
1015 4683 1089 4760 post
1115 4695 1300 4758 supremum
1326 4674 1410 4742 dem
1435 4690 1509 4755 spes

181 4779 291 4847 veniae
308 4787 340 4846 et
364 4780 609 4848 condonationis
625 4787 815 4863 superesset.
833 4779 884 4844 bn
907 4784 1004 4863 putas.
1021 4779 1117 4844 inisse
1132 4777 1212 4845 satis
1231 4776 1397 4863 provisum
1417 4775 1508 4844 bono
