3622 5464
612 423 614 428 Ι
662 355 926 406 mensuremus
948 357 973 416 1,
997 369 1001 374 ·
1432 339 1474 402 23

159 477 207 547 ἓως
225 475 257 538 oi
273 479 365 542 dorem
377 480 496 557 peperit
501 477 605 555 filium
619 492 707 538 mom
720 477 966 555 primopmitom
986 472 1058 553 Quo
1076 473 1259 538 testimonio
1277 490 1375 556 quum
1397 471 1477 538 abu·

161 587 283 648 teretur
303 577 487 656 Helvidius,
510 577 544 640 in
568 575 768 659 grerimimas
793 574 906 641 incidit
926 574 1112 658 Hieronymi
1134 573 1408 660 reprehensiones.

250 684 304 747 27.
328 683 557 761 Argumentum
577 678 617 742 ab
637 697 676 744 eo
696 678 786 762 quod
801 677 1029 763 proposuimus
1043 693 1109 740 non
1123 675 1297 741 admodum
1316 676 1477 742 diversum

163 786 272 868 colligi
294 803 331 848 ex
349 784 387 847 iis
410 787 536 865 potest,
563 798 647 864 quae
668 781 809 846 Christus
832 779 912 845 dicit
936 797 1031 862 penes
1055 779 1250 843 lllattltaeum
1271 780 1376 864 capite
1397 779 1479 846 duo·

163 887 286 954 decimo
308 885 381 967 86),
405 882 494 967 quod
510 885 692 964 blaipkemt‘ll
707 891 809 947 evilim
826 884 973 963 Spiritum
988 889 1121 944 summm
1138 884 1186 940 οὐκ
1204 887 1368 961 ἀφιθὴσιται
1386 885 1476 962 αὐτῷ,

164 985 228 1051 οὔτι
251 991 277 1047 ir
300 991 337 1065 Ίῷ
361 999 408 1044 νῦν
432 985 507 1045 αἰῶνι
531 986 604 1066 87),
635 982 696 1044 or'r'rr
721 990 747 1044 lv
770 999 807 1065 τῷ
830 984 970 1064 pillovrr,
993 1001 1053 1046 illm
1074 986 1305 1064 remitteturei,
1332 1005 1425 1066 neque
1448 991 1479 1048 in

163 1096 217 1158 loc
236 1094 371 1170 merulo,
398 1107 491 1170 neque
511 1095 543 1153 ie
556 1089 680 1169 semro.

250 1193 311 1260 Sed
334 1209 488 1276 quorsum
504 1191 622 1256 mentio
638 1191 752 1256 saeculi
772 1191 899 1256 futuri?
917 1189 960 1256 llt
975 1188 1228 1269 demonstretur,
1251 1189 1479 1272 blasphemiam

34 1291 40 1300 '
164 1303 275 1362 contra
296 1293 453 1379 Spiritum
465 1299 608 1357 sanctum
629 1311 803 1377 numquam
826 1293 964 1374 remitti;
986 1310 1024 1356 ec
1043 1295 1068 1357 sl
1090 1291 1265 1370 diceretur,
1287 1291 1322 1356 id
1343 1292 1481 1356 criminis

101 1431 104 1440 ·
163 1418 257 1481 oeque
267 1416 380 1480 pamm
394 1398 427 1460 ic
449 1397 503 1458 ltoc
524 1415 613 1475 quum
630 1398 662 1460 in
678 1395 788 1475 sutoro
809 1398 926 1459 merulo
947 1401 1070 1459 remitti.
1095 1394 1182 1475 Quae
1205 1393 1358 1477 loquendi
1379 1394 1482 1461 torma

165 1501 264 1565 veluti
287 1499 487 1584 exploratum
508 1497 656 1580 assumit,
682 1499 712 1562 in
736 1497 847 1563 iuturo
865 1497 991 1562 saeculo
1013 1495 1129 1562 nudam
1147 1513 1213 1561 esse
1234 1493 1387 1580 reliquam
1407 1515 1481 1580 peo-

167 1601 313 1668 calorum
335 1601 561 1664 remissionem.
1093 1613 1095 1618 ·
1581 1667 1585 1684 ,

254 1701 409 1768 Illustrari
428 1703 489 1766 ists
515 1709 650 1787 possunt
670 1715 707 1768 ex
734 1702 807 1768 loco
834 1699 985 1786 parallelo
1011 1701 1096 1786 apud
1123 1703 1263 1768 Marcum
1287 1705 1358 1783 88);
1379 1697 1426 1769 “oc
1451 1698 1478 1759 δ’

168 1811 200 1867 ἂν
221 1812 391 1890 βλασφημήσῃ
416 1812 452 1874 εἰς
474 1815 506 1866 τὸ
530 1817 634 1886 recipe
650 1817 680 1866 ri
697 1811 788 1884 ἅγιον,
813 1810 860 1866 oris
883 1811 941 1884 ίχιι
963 1803 1056 1884 ἄφεσιν
1073 1807 1111 1872 εἷς
1128 1815 1173 1867 τὸν
1190 1811 1284 1875 ulisse,
1301 1801 1358 1866 ἀλλ’
1378 1808 1476 1883 ἔνοχός
1594 1864 1596 1869 ,

168 1916 242 1972 ἐστιν
264 1911 375 1971 αἰωνίου
400 1919 520 1988 epictet·
550 1911 609 1988 Otii
633 1918 732 1974 avim
755 1912 1000 1992 blasphemaverit
1018 1917 1051 1973 to
1072 1913 1216 1990 Spiritum
1242 1917 1388 1989 sancium,
1425 1929 1483 1973 lton

167 2015 257 2080 babet
277 2018 472 2077 remissiorem
489 2019 521 2076 iri
537 2023 705 2092 uetemum,
729 2015 782 2075 sed
802 2033 871 2076 reus
894 2020 936 2075 est
951 2016 1066 2075 artemi
1087 2015 1199 2076 delicti.
1223 2013 1306 2094 Ergo
1335 2013 1480 2096 phrasis,

167 2135 261 2196 neque
283 2119 316 2179 m
342 2115 552 2193 bertuccolo,
582 2133 673 2195 oeque
698 2119 731 2176 im
755 2114 863 2194 sutoro
896 2113 1075 2196 aequivalet
1103 2113 1210 2194 alteri,
1239 2132 1416 2194 remquam,
1451 2119 1483 2175 ire

167 2225 338 2298 uetcmum3
363 2223 397 2281 et
417 2233 515 2299 quum
542 2215 583 2280 de
598 2215 801 2299 peccatorum
818 2216 1001 2279 remissione
1025 2214 1211 2292 adhibetur,
1235 2221 1396 2298 umquam
1421 2232 1482 2278 no·

169 2323 237 2383 tum
253 2325 518 2403 compertumque
540 2319 691 2398 sumitur,
716 2320 749 2383 in
775 2317 872 2382 altera
897 2319 962 2383 rita
986 2318 1092 2382 locum
1120 2337 1185 2382 neu
1210 2335 1276 2382 esse
1294 2319 1482 2382 remissioni.

256 2423 300 2486 At
318 2420 346 2485 si
365 2421 558 2486 remissionis
581 2428 704 2505 tempus
723 2421 782 2486 hae
800 2423 865 2486 vita
891 2421 1111 2500 concluditur,
1132 2439 1209 2505 crgo
1233 2420 1362 2504 reprobi
1384 2421 1416 2484 in
1440 2420 1487 2484 al-

170 2530 240 2588 tera
263 2524 329 2588 uita
349 2523 468 2588 nubam
489 2524 550 2588 sibi
574 2523 716 2607 polliceri
733 2530 867 2606 possunt
891 2524 1345 2606 peccatorum'remissionem,
1372 2524 1484 2607 proin-

173 2624 276 2710 deque
295 2642 355 2690 neo
376 2643 551 2710 poenarum
572 2625 679 2690 linem.

259 2730 312 2794 te.
337 2732 417 2794 Saue
438 2748 503 2793 non
526 2730 626 2828 maior
643 2727 798 2794 damnatis
820 2747 891 2814 spes
910 2729 1122 2809 remissionis,
1146 2746 1242 2812 quam
1267 2725 1486 2791 renovationis

137 2909 144 2932 x
170 2837 203 2895 ct
219 2832 434 2896 conversionis
457 2829 609 2914 affulgere
631 2837 748 2914 potest.
773 2830 1017 2896 Persistentibus
1039 2831 1121 2896 enim
1142 2831 1175 2893 in
1186 2831 1379 2913 iniquitate,
1401 2828 1485 2892 nulla

170 2941 376 3018 peccatorum
398 2933 585 2999 conceditur
610 2936 764 2999 remissio.

258 3037 317 3104 Sed
338 3055 403 3102 non
424 3039 589 3121 patiuntur
606 3035 725 3119 biblia,
747 3044 784 3102 ut
799 3038 954 3102 damnatis
970 3055 1042 3120 spes
1058 3037 1162 3120 aliqua
1178 3035 1233 3101 liat
1254 3037 1487 3118 resipiscentiae

173 3145 206 3203 et
224 3139 451 3204 renovationis.
473 3140 691 3218 Percontaris,
719 3139 804 3204 unde
819 3139 853 3206 id
869 3139 1019 3204 constet?
1039 3138 1247 3222 Respondeo,
1266 3137 1433 3221 multiplici
1448 3155 1486 3200 ex

174 3240 277 3322 cupite
301 3246 459 3304 constare.
659 3315 662 3324 Α

262 3342 393 3406 Constat
417 3342 444 3405 l.
470 3341 544 3424 quia
568 3343 671 3407 omnis
698 3343 878 3426 operandae
903 3342 1012 3409 salutis
1037 3343 1261 3427 opportunitas
1288 3341 1382 3405 huius
1406 3341 1487 3404 vitae

174 3441 294 3508 ambitu
317 3443 614 3526 comprehenditur3
633 3444 724 3528 quod
741 3445 942 3510 ecclesiastes
961 3451 1097 3510 testetur
1115 3445 1187 3524 eet:
1214 3445 1422 3523 Quodcumque
1431 3443 1487 3521 so-
1560 3449 1563 3455 '

174 3565 240 3609 cere
255 3554 353 3626 potest
376 3567 481 3609 mamm
504 3555 572 3626 tou,
600 3553 743 3610 instanter
765 3567 904 3628 operare,
933 3553 1005 3629 quic
1030 3569 1083 3612 mec
1109 3567 1201 3628 opus,
1231 3567 1284 3610 nec
1311 3553 1406 3624 ratio,
1437 3566 1489 3608 nec

175 3652 344 3729 sapientia,
365 3671 418 3713 mec
436 3656 557 3713 scientia
576 3658 664 3713 erent
684 3652 769 3731 apud
787 3651 911 3731 inseror,
938 3671 995 3732 quo
1016 3659 1048 3714 tre
1068 3671 1224 3732 properae.

265 3751 319 3815 29.
344 3751 475 3816 Constat
503 3753 546 3816 ll.
576 3754 652 3834 quia
677 3753 842 3834 pluribus,
873 3753 1054 3837 eisdemque
1080 3754 1177 3818 variis
1202 3751 1353 3836 loquendi
1378 3751 1490 3814 formis

175 3851 276 3917 biblia
294 3853 458 3918 damnatos
478 3854 646 3935 exhibent,
668 3861 703 3918 ut
720 3856 776 3937 qui
795 3855 827 3918 in
852 3863 982 3938 peccato
1002 3854 1154 3919 obstinati
1173 3854 1366 3938 perdurent,
1387 3871 1490 3935 neque

175 3955 336 4020 meliorent
362 3955 496 4020 induant
523 3963 670 4020 mentem.

264 4057 394 4121 tresue
415 4055 530 4139 quibus
546 4057 723 4139 depingunt
745 4058 907 4122 coloribus
924 4056 1137 4142 reproborum
1151 4055 1388 4122 conditionem?
1405 4055 1490 4118 toris

177 4161 309 4224 omnino
325 4166 357 4223 et
375 4158 530 4223 terrificis.
558 4160 645 4223 lllam
662 4160 772 4224 dicunt
788 4169 909 4222 mortem
929 4163 1085 4224 secundem
1102 4162 1174 4240 90),
1196 4166 1273 4222 vitae
1291 4159 1486 4244 oppositam:

177 4257 289 4324 dicunt
308 4263 424 4325 versari
447 4261 604 4344 reprobos
627 4261 724 4324 modo
746 4269 777 4324 im
803 4263 928 4324 enebris
949 4264 1146 4326 celerioribus
1166 4263 1236 4342 91),
1266 4260 1364 4325 modo
1387 4266 1418 4322 ic
1436 4278 1489 4320 cu-

178 4363 270 4441 lipme
295 4368 482 4428 terebrarum
510 4364 807 4447 92),‚pr0indeque
834 4368 898 4427 luce
927 4383 1054 4445 carere,
1087 4371 1182 4448 atque
1205 4364 1331 4428 subesse
1360 4365 1495 4425 domimo

173 4469 302 4542 peceati,
327 4465 416 4547 quod
436 4466 611 4548 explicatur
632 4466 696 4530 sive
716 4485 773 4548 per
791 4474 964 4546 potestatem
984 4472 1086 4530 mortis
1106 4468 1175 4546 93),
1200 4466 1267 4529 sive
1287 4483 1345 4549 per
1364 4472 1491 4543 potestu-

266 4595 374 4647 eoutc.
393 4599 443 4644 xri.
460 4606 494 4644 ss.
948 4599 1266 4656 coemeterium,
1285 4597 1384 4643 xxts.
1432 4599 1436 4607 ’

266 4675 301 4730 87)
315 4675 492 4724 thesbsehlus:
508 4674 533 4726 ἐν
549 4674 629 4728 τούτω
649 4675 682 4726 τῶ
697 4672 775 4726 αἰῶνι.
949 4675 984 4724 ⁹1)
998 4669 1449 4725 Mallh·V¹11·¹22XXss·mlxxv-³⁰·

265 4738 385 4793 estuare.
402 4739 442 4784 ιιι.
459 4749 486 4786 m
613 4729 619 4744 '
666 4729 671 4742 ‘
949 4742 1143 4796 nutriremur.
1157 4741 1306 4796 17,1adasv.
1322 4747 1353 4784 m.

266 4811 302 4866 ea)
316 4809 388 4855 Ferte.
410 4811 449 4856 tx.
471 4819 501 4857 ro.
950 4812 1116 4869 estricourt.
1135 4819 1166 4857 ro.
