3622 5464
667 347 933 396 mensuramus
954 347 978 394 1.
1443 333 1486 395 25

1403 405 1412 436 b

159 465 320 550 diligunt,
342 465 396 531 rel
417 469 599 552 peccatam,
626 460 897 546 quemadmodum
921 480 981 546 par
999 460 1103 543 foret,
1129 459 1337 528 detestantur.
1363 463 1390 528 li
1410 472 1487 531 sunt

159 567 313 654 reprobi,
343 565 524 650 dequibus
547 567 695 630 mirator
723 565 946 649 pronunciavit
977 561 1069 650 105):
1101 566 1219 628 Boram
1238 564 1348 644 fnisset
1368 567 1432 648 illi,
1460 572 1488 630 at

161 674 248 736 borno
267 673 321 734 ille
340 689 399 733 aaa
411 669 521 749 sabael
536 673 635 730 amna.
660 666 816 732 Videlicet
836 666 1010 733 manebunt
1034 683 1160 750 semper
1182 684 1258 732 vasa
1272 666 1307 730 in
1323 674 1487 733 contume-

159 775 253 839 liam:
287 791 358 836 uam
381 772 407 836 si
434 769 578 836 converti
605 775 736 852 possent
759 769 792 833 in
824 787 898 834 vasa
924 767 965 833 ad
996 767 1170 848 honorem,
1202 786 1319 854 operes
1349 769 1486 853 pretinm

162 877 290 954 fuisset,
314 877 398 939 inter
416 873 562 938 homines
580 874 728 938 extitisse.
753 873 852 936 Tanta
875 871 959 936 enim
984 877 1033 936 est
1056 859 1251 954 praestantia
1273 890 1423 936 vasorum
1444 871 1487 938 ad

162 979 273 1059 decus,
300 976 461 1061 aquibus
486 995 603 1042 nomen
620 977 678 1040 Dei
702 973 901 1054 celebratur,
928 980 965 1038 nt
986 974 1015 1038 si
1038 974 1111 1059 quis
1135 980 1211 1058 post
1228 973 1396 1039 innumera
1416 992 1486 1039 sae·

163 1083 312 1148 culorum
334 1080 432 1145 millia
452 1079 537 1144 inter
563 1081 723 1144 cruciatus
748 1077 962 1142 atrocissimos
986 1083 1111 1156 exacta,
1139 1076 1181 1142 ad
1203 1095 1273 1142 eam
1298 1077 1486 1160 dignitatem

101 1257 104 1266 ¹
160 1189 242 1248 esset
263 1179 519 1262 tramlerendus,
543 1179 666 1246 honum
688 1179 820 1244 omnino
842 1177 971 1259 inisset,
995 1177 1091 1244 talem
1112 1177 1275 1244 hominem
1297 1179 1394 1246 nasci.

557 1439 952 1533 annonaria
990 1441 1095 1554 ,vn

265 1728 431 1788 Poenarum
451 1731 610 1787 aeternitas
630 1726 668 1784 ils
683 1724 810 1803 efficitur
827 1726 1016 1802 testimoniis,
1040 1727 1147 1804 qaibaa
1167 1727 1255 1788 realis
1273 1727 1387 1804 capelia

415 1817 422 1831 ¹
526 1846 592 1906 spes
610 1831 702 1890 amaia
725 1827 910 1888 liberationis
932 1828 1107 1908 deoepatar.

250 2102 304 2165 31.
330 2102 607 2165 Dsnonsrnarto.
624 2099 807 2164 Creatnram
825 2099 944 2164 naham
962 2098 1161 2164 reconciliari
1179 2100 1259 2179 Deo,
1273 2105 1369 2183 atque
1387 2118 1406 2165 a
1425 2098 1486 2165 do-

161 2203 282 2270 minatu
298 2203 421 2287 peccati
442 2208 475 2266 et
497 2200 709 2284 damnationis
727 2201 824 2265 eximi
845 2202 904 2266 nisi
927 2219 983 2285 per
998 2200 1171 2280 Christum,
1195 2200 1313 2283 dogma
1330 2206 1378 2266 est
1395 2200 1486 2284 quod

161 2305 204 2372 ad
227 2323 353 2370 omnem
378 2305 526 2388 paginam
552 2305 586 2368 in
612 2302 720 2368 bibliis
740 2303 898 2386 repetitur
923 2312 956 2369 et
978 2303 1167 2369 inculcatur.
1194 2306 1279 2386 Ergo
1308 2303 1334 2367 si
1363 2301 1484 2368 diserto

163 2412 290 2471 constet
315 2406 511 2486 testimonio,
539 2404 679 2470 noluisse
706 2405 867 2470 Christum
893 2406 994 2472 malos
1018 2405 1147 2489 angelos
1170 2404 1316 2485 liberare,
1342 2405 1488 2488 ipsorum

163 2526 274 2572 caussa
298 2507 495 2572 conclamata
516 2506 625 2572 haberi
647 2507 753 2573 dehet.
780 2510 880 2593 Atqui
900 2509 1006 2574 existit
1022 2509 1178 2574 eiusmodi
1202 2507 1436 2589 testimonium,
1455 2513 1487 2573 et

163 2617 318 2695 quantam
343 2611 419 2676 satis
438 2617 497 2692 est,
519 2609 636 2676 diserte
659 2610 790 2693 dicitur,
808 2611 947 2678 noluisse
966 2612 1126 2680 Christum
1150 2611 1239 2678 malis
1258 2611 1378 2694 angelis
1401 2610 1487 2676 saln-

162 2718 226 2776 tem
242 2711 368 2777 afferre.
1287 2765 1292 2772 .

249 2814 406 2880 Audiatnr
424 2815 541 2880 Paulus
563 2814 605 2880 de
620 2814 747 2882 Christo
764 2835 903 2882 messem
923 2818 1014 2897 lobi:
1044 2818 1083 2876 oi
1099 2816 1153 2895 γὰρ
1171 2818 1256 2882 δήπου
1274 2817 1395 2894 ἀγγέλων
1418 2815 1481 2874 tm-

162 2918 348 2998 tappetae,
375 2915 444 2976 ἀλλὰ
469 2919 624 2998 σπὸρματος
655 2915 781 2998 ’Λβραάμ
805 2920 1030 2998 ἐπιλαμβάνεται.
1062 2918 1157 2999 Quod
1180 2919 1337 3000 vulgatus
1359 2915 1483 2983 reddit:

162 3022 316 3100 quaram
341 3024 419 3084 caim
443 3023 564 3100 aaqetar
587 3024 807 3104 apprehendit,
831 3023 884 3084 sed
907 3041 1005 3084 semea
1031 3022 1169 3085 Abrabae
1190 3019 1398 3100 apprehendit.
1426 3016 1488 3082 Sed

163 3121 242 3204 quid
260 3121 321 3187 Sibi
342 3123 411 3188 Vult
427 3125 661 3205 ι’πιλαμβάνισθαι
678 3125 809 3204 sip-pilos,
826 3126 1059 3206 ἰπιλαμβάνισθαι
1074 3125 1228 3203 σπέρματος
1247 3120 1398 3202 Ἀβραάμῖ
1413 3121 1486 3206 ple·

163 3224 257 3308 rique
279 3231 367 3305 sunt,
394 3227 515 3308 quiite
537 3228 806 3312 interpretentur:
829 3233 971 3310 accipere,
1002 3246 1150 3292 cammaro
1171 3227 1315 3310 angelos,
1338 3227 1483 3305 coepere,

164 3346 312 3390 ostermere
334 3326 481 3394 Abrahae
497 3348 617 3395 semen.
638 3330 738 3413 Atqui
753 3329 829 3396 haec
846 3330 1035 3414 aecipiendi,
1053 3329 1296 3412 assumendiqne
1317 3327 1408 3392 notio
1432 3345 1488 3390 ne-

164 3446 227 3512 qne
249 3430 284 3493 in
309 3437 494 3496 contextum
513 3431 663 3516 quadrat,
687 3451 791 3516 neque
816 3432 892 3499 tacit
916 3435 993 3499 satis
1014 3432 1152 3517 apostoli
1172 3450 1284 3517 scopo.

252 3561 338 3643 Ergo
362 3560 594 3641 ἐπιλαμβάνισθαι
618 3560 689 3627 heic
710 3563 887 3646 aequivalet
912 3562 1053 3628 hebraeo
1076 3542 1165 3656 belg,
1189 3570 1221 3628 ta
1248 3564 1415 3656 libertatem
1440 3579 1488 3622 as·

163 3680 277 3755 serait,
303 3678 485 3758 audeaut,
504 3676 595 3762 qnod
616 3679 680 3744 iam
700 3677 845 3763 pluribus
862 3679 1116 3763 comprobarunt
1139 3681 1295 3745 Braunius
1319 3685 1351 3743 et
1373 3674 1404 3741 d'
1417 3676 1487 3742 Ou-

163 3779 298 3844 treinius
322 3779 355 3843 in
383 3783 643 3864 commentariis,
671 3787 704 3846 et
727 3783 759 3845 in
785 3781 870 3846 libro
896 3781 936 3847 de
958 3783 1055 3848 Goile
1079 3784 1246 3849 Cramerus
1275 3779 1362 3868 107).
1387 3781 1489 3845 Parti-

163 3882 236 3948 cula
263 3881 453 3964 aetiologica
476 3885 533 3964 γάρ
558 3883 719 3965 ostendit,
747 3884 819 3949 heic
841 3883 882 3950 ah
907 3885 1056 3969 apostolo
1084 3888 1241 3952 rationem
1265 3884 1393 3964 afferri,
1426 3900 1489 3967 qua

162 3983 344 4050 factumest
367 3991 404 4049 ut
427 3983 572 4051 diabolus
586 3987 804 4052 incarnatione
820 3986 1026 4070 perderetur,
1053 3995 1086 4052 et
1108 3988 1273 4053 credentes
1296 3986 1450 4050 israelitae
1470 4002 1488 4048 a

162 4087 279 4152 timore
295 4088 421 4171 mortis,
436 4107 503 4173 quo
524 4087 584 4153 suh
606 4091 705 4152 aeteri
729 4091 916 4154 oeconomia
931 4091 1071 4171 graviter
1088 4090 1300 4172 angebantur,
1318 4088 1489 4153 liberaren-

163 4190 228 4251 tur.
254 4188 348 4254 Ratio
367 4196 475 4254 autem
489 4197 621 4254 eventus
642 4190 722 4255 adeo
736 4189 898 4255 dissimilis
919 4190 997 4256 haec
1017 4191 1161 4272 alfenus,
1186 4191 1275 4275 quod
1298 4209 1364 4255 non
1387 4207 1488 4272 ange-

164 4315 282 4400 lorum,
300 4316 357 4382 sed
373 4319 499 4384 seminis
513 4319 659 4384 Abrahae
674 4320 837 4401 teetiaaeap,
854 4297 953 4402 bitti,
970 4330 1098 4386 assertor
1113 4329 1146 4386 et
1161 4324 1330 4402 redemptor
1343 4320 1486 4386 Christus
1580 4399 1583 4405 ,

165 4428 293 4496 futurus
317 4440 410 4499 esset.
427 4437 545 4519 ·Atquc
568 4437 611 4500 ita
637 4435 676 4502 ah
705 4438 793 4502 omni
820 4456 877 4520 spe
907 4437 1017 4503 salutis
1044 4456 1103 4522 per
1129 4438 1289 4506 Christum
1315 4434 1490 4500 obtinenda

165 4532 269 4630 angeli
284 4534 509 4603 excluduntur.
524 4536 620 4617 Quod
634 4537 848 4630 efficacissime
862 4538 1022 4606 indicatur
1040 4538 1202 4625 particulis
1214 4541 1245 4600 at
1262 4539 1359 4615 tirou,
1373 4543 1490 4602 omnino

256 4730 302 4785 aas)
316 4731 399 4778 natta.
421 4735 503 4780 xxm.
521 4741 555 4780 aa.
945 4737 991 4792 nor)
1005 4736 1069 4784 nne.
1084 4737 1113 4782 n.
1133 4749 1172 4795 op.
1187 4738 1227 4782 at.

254 4805 302 4856 trra)
317 4803 388 4848 llebr.
406 4805 433 4850 11.
454 4812 486 4852 tta
