3622 5464
680 327 947 378 COMMENTARIUS
968 329 1007 377 ll.

260 547 268 582 ¹
438 531 443 540 ’
565 507 966 692 vanos-rsus
1005 581 1128 675 vrr.

247 849 327 913 neae
341 849 476 912 asota
493 817 570 910 raso
586 847 666 910 asur
680 852 712 911 a
725 845 760 910 sa
774 849 970 928 aptatas
985 849 1129 927 ararat,
1146 848 1228 929 qaas
1243 849 1362 910 asem
1377 849 1456 927 aaa

425 954 527 1031 possis
547 952 702 1032 positivis,
728 952 896 1031 eisdemque
910 956 1067 1040 perpetuis
1085 955 1268 1016 suademur.

272 1170 327 1234 22.
346 1171 621 1236 Deuorvsrnarso.
636 1170 792 1255 Pleraque
806 1188 845 1236 ex
859 1171 911 1253 iis,
922 1170 1040 1255 quibus
1055 1168 1248 1254 praecedens
1259 1168 1424 1234 theorema
1437 1186 1515 1234 oon·

140 1282 143 1288 ·
182 1269 395 1348 firmavimus,
413 1271 477 1336 huo
491 1273 586 1336 etiam
601 1278 763 1356 spectant,
786 1281 818 1339 et
838 1272 948 1353 adid,
976 1271 1065 1357 quod
1089 1272 1186 1338 modo
1207 1280 1337 1338 tuemur
1360 1290 1515 1356 oompro·

182 1370 347 1455 bandum,
369 1380 553 1458 opportune
574 1373 777 1442 adhibentur.
802 1377 992 1459 Opportune
1011 1374 1182 1441 adhibetur
1206 1375 1286 1440 ratio
1309 1375 1454 1458 quaesita
1476 1393 1513 1440 ex

182 1495 334 1562 supremo
352 1479 413 1543 Dei
433 1481 467 1544 in
490 1479 637 1545 homines
660 1479 822 1564 dominio,
847 1487 880 1546 et
902 1499 941 1547 ea
964 1499 1095 1567 qaoque
1118 1487 1301 1567 opportune
1323 1479 1512 1562 adhibetur,

184 1599 282 1664 quam
307 1581 446 1647 eruimus
468 1583 534 1650 sive
556 1601 595 1648 ex
618 1589 732 1648 natura
759 1583 839 1652 luris
865 1584 989 1670 didm,
1019 1585 1087 1654 aive
1111 1603 1150 1650 ex
1171 1589 1282 1649 natura
1304 1581 1510 1664 officiorum,

184 1683 301 1769 quibus
325 1683 470 1750 homines
492 1684 690 1768 obligantur.
805 1677 808 1684 ’

272 1789 330 1852 llis
350 1787 492 1871 aceedit,
515 1788 605 1873 quod
626 1791 652 1855 si
670 1791 703 1854 in
725 1792 812 1856 oivili
835 1791 989 1856 societate
1011 1789 1249 1876 reprehensioni
1266 1809 1331 1856 non
1347 1789 1511 1871 subiacet,

185 1889 273 1976 qood
296 1897 405 1957 sontes
424 1892 570 1973 positivis
597 1893 707 1976 poenis
729 1899 802 1958 ante
822 1901 959 1958 mortem
978 1912 1044 1958 non
1066 1891 1213 1958 desituris
1236 1884 1434 1977 ple'otantur;
1458 1909 1514 1956 ne-

183 2011 248 2077 que
269 1992 511 2077 reprehensioni
533 1992 662 2059 subesse
688 2001 814 2079 potest,
841 1994 931 2080 quod
951 1996 986 2059 in
1008 1993 1180 2060 violatores
1199 1993 1379 2059 divinarum
1403 1992 1512 2078 legam

183 2094 342 2160 eiusmodi
358 2096 505 2180 positivis
527 2098 641 2180 poenis
662 2087 950 2175 animadvertatur,
970 2115 1053 2182 quae
1069 2095 1190 2162 mmdin
1207 2096 1341 2177 durent,
1360 2095 1513 2180 quamdiu

184 2204 292 2262 sontes
309 2199 369 2282 ipsi
386 2197 536 2286 existunt.
628 2223 631 2230 ·

271 2300 324 2366 Ad
347 2300 441 2382 haee,
462 2300 541 2365 nihil
564 2301 647 2366 inest
672 2291 783 2386 poenis
810 2301 976 2385 positivis,
1004 2300 1184 2386 eisdemque
1209 2299 1395 2386 perpetuis,
1421 2298 1512 2382 quod

183 2410 317 2487 peceato
334 2422 401 2468 aon
418 2403 604 2468 conveniat:
625 2422 691 2469 non
700 2411 904 2486 perpetuitas,
923 2391 1186 2489 quandoquidem
1204 2403 1273 2487 ipse
1289 2407 1396 2466 reatus
1410 2401 1511 2485 possit

183 2525 250 2570 esse
271 2512 462 2589 perpetuus:
486 2524 551 2571 non
574 2505 664 2591 quod
688 2509 820 2598 hierem
841 2506 995 2592 inierant,
1019 2510 1240 2588 molestiamque
1260 2508 1384 2584 areant,
1405 2521 1512 2586 qnan-

185 2605 358 2691 doquidem
384 2625 522 2692 aequum
542 2608 604 2688 sit,
632 2614 676 2673 ut'
690 2607 859 2674 doloribus
882 2615 980 2694 atque
1004 2610 1155 2676 molestiis
1180 2609 1289 2674 illicita
1312 2607 1432 2691 peceati
1452 2593 1536 2672 ‘de'

182 2709 313 2774 leotstio
330 2709 512 2774 muletetur.
537 2710 650 2793 Itaque
666 2727 788 2806 poenae
805 2729 888 2795 quae
910 2711 975 2776 sint
989 2713 1146 2796 positivae
1166 2717 1199 2776 et
1220 2716 1411 2795 perpetuae,
1429 2727 1507 2792 peo-

180 2915 388 2998 infligantur,
420 2915 512 2992 nulla
539 2917 701 2999 peccatori
728 2918 871 3002 suppetit
899 2935 1008 2982 caussa
1037 2917 1138 2981 iustae
1163 2914 1335 2999 querelae,
1367 2919 1399 2977 et
1426 2929 1509 2995 quae

180 3017 305 3081 ratione
324 3016 533 3106 adprobator.
1024 3089 1027 3094 .

272 3121 319 3182 Eo
338 3119 389 3182 vel
411 3121 529 3202 magis,
554 3111 644 3203 q'uod
663 3128 868 3205 praepostere
889 3120 1099 3204 denegaretur
1112 3122 1181 3185 Deo
1200 3136 1275 3183 usus
1288 3118 1372 3184 illius
1388 3116 1507 3198 medii,

183 3238 252 3302 quo
272 3218 418 3284 homines
440 3220 640 3288 deterrentur
662 3224 820 3306 maxime,
843 3230 875 3288 et
896 3223 1056 3289 eiliaaoius
1079 3225 1165 3287 intra
1185 3219 1369 3285 officiorum
1392 3219 1508 3284 limites
1571 3285 1574 3294 ,

183 3324 402 3386 eontinentur.
427 3317 524 3407 Atqui
548 3324 732 3390 huiusmodi
752 3324 892 3391 medium
915 3343 981 3389 non
1004 3323 1112 3390 differt
1134 3344 1153 3389 a
1173 3323 1286 3408 poenis
1311 3322 1454 3404 positivis
1476 3325 1509 3384 et

179 3425 362 3507 perpetuis;
381 3417 480 3509 quum
502 3426 588 3490 enim
610 3425 708 3518 homo
731 3426 874 3492 sensibus
892 3427 1027 3493 dueatur
1049 3428 1204 3507 maxime,
1227 3425 1267 3490 iis
1283 3425 1396 3508 poenis
1416 3441 1507 3487 oom-

183 3534 330 3593 movetur
349 3528 582 3609 vehementius,
608 3535 691 3613 quae
710 3530 743 3594 in
760 3547 869 3595 sensus
891 3530 1175 3615 apprehensionem
1194 3518 1355 3610 incidunt,
1375 3532 1408 3590 et
1424 3544 1507 3610 qua·

183 3647 254 3692 rum
276 3628 429 3695 acerbitas
446 3629 663 3713 asperimonto
687 3630 931 3714 comprobatur.

504 3995 506 4002 Ι
551 3813 944 3976 speonnam
982 3883 1133 3975 vrri.

247 4130 328 4191 Bene
349 4101 481 4192 somniis
502 4137 579 4194 ratio
596 4136 723 4213 probat,
748 4135 827 4214 quod
849 4136 968 4196 divisos
990 4137 1068 4214 iopes
1082 4139 1188 4214 poeuis
1200 4135 1356 4214 perpetuis
1374 4151 1440 4193 eom

404 4266 407 4273 ·
530 4239 703 4316 privativis,
731 4245 791 4298 tum
810 4238 948 4316 positivis
968 4239 1151 4300 sauciantur.

271 4433 325 4499 23.
349 4438 628 4506 Dauonsrnarso.
653 4444 733 4509 Cum
748 4444 870 4509 ratione
890 4445 1011 4528 optime
1024 4452 1197 4524 oonsooat,
1212 4442 1302 4527 quod
1319 4443 1405 4506 Dens
1419 4441 1461 4504 sit
1475 4446 1507 4504 et

182 4543 345 4602 censeatur
367 4549 481 4607 auotor
499 4544 654 4609 eiusmodi
678 4546 806 4610 moralis
830 4546 971 4627 ordinis,
997 4553 1033 4611 ut
1056 4549 1111 4631 qui
1133 4547 1224 4611 illum
1244 4552 1391 4624 servant,
1409 4543 1507 4607 finem

182 4636 320 4722 ordinis,
343 4633 500 4727 perpetua
517 4646 668 4713 felicitate
684 4647 966 4733 comprehensum,
991 4648 1221 4734 adipiscantur,
1246 4651 1302 4731 qui
1319 4665 1396 4711 vero
1416 4644 1506 4709 illum

180 4744 503 4826 praetergrediuntur·
521 4755 553 4813 et
577 4735 717 4833 violant,
746 4769 764 4814 a
787 4749 851 4816 tiae
874 4750 999 4818 ordinis
1021 4751 1184 4834 excidant,
1209 4759 1241 4816 et
1264 4755 1296 4818 in
1321 4759 1506 4838 perpetuam
