3622 5464
318 253 372 353 ’34
744 306 787 352 ot
808 305 1039 353 ss'l'sslllll'l'ssss
1061 304 1246 353 POBMBU!

423 423 476 488 10.
501 423 542 488 lit
566 439 626 488 cnr
653 439 720 487 non
745 422 840 488 istud
857 421 1034 507 probaret?
1049 422 1120 503 Quo
1149 421 1347 507 improbnret
1369 421 1506 488 titulo?
1537 423 1673 490 Anides

329 540 455 607 semper
480 529 618 590 reserata
641 540 739 607 penes
762 524 865 588 Deum
887 541 955 588 esse
977 523 1072 590 debet
1091 525 1188 618 ianua
1210 525 1337 608 veniae,
1360 543 1405 590 ne
1429 543 1592 610 umquam
1612 527 1671 591 bo-

218 711 226 724 ἱ
330 627 470 693 minibus
491 627 656 693 obstmctn
677 628 720 692 sit
737 628 828 693 ianua
844 626 1026 711 peccandi?
1044 627 1118 708 Quo
1133 629 1203 693 iure
1221 635 1360 712 possunt
1379 647 1402 694 a
1425 629 1500 694 Deo
1526 629 1673 694 homines

330 731 469 814 exigere,
483 737 519 795 ut
533 731 594 794 iliis
607 729 814 814 peccantibus
828 730 917 796 nullo
934 749 1087 814 umquam
1103 736 1247 814 tempore
1259 732 1390 798 reniam
1406 730 1556 817 deneget
1565 733 1675 797 Deus?

330 833 402 913 Quo
428 833 535 898 officio
560 833 773 924 obstringitur
796 851 871 917 erga
895 833 1040 899 homines
1064 834 1149 900 Deua
1172 831 1216 898 od
1239 835 1363 900 veniam
1388 833 1459 899 illis
1485 835 1582 920 nullo
1608 854 1672 898 uon

329 942 475 1021 tempore
493 935 712 1018 erogandam?
1147 955 1152 964 ·
1459 985 1463 990 .

419 1036 574 1103 Adliciam
595 1044 627 1102 et
647 1037 752 1104 uliud:
777 1039 924 1124 Suppetit
939 1057 979 1104 ne
995 1039 1112 1104 rationi
1132 1040 1335 1124 perspicuum
1356 1039 1500 1123 aliquod
1522 1046 1557 1104 et
1573 1040 1672 1106 indu·

328 1140 418 1206 bium
439 1147 677 1226 argumentum,
700 1159 766 1225 qno
788 1141 972 1224 confirmet,
995 1142 1046 1206 vel
1063 1142 1159 1208 semel
1180 1141 1338 1225 obstringi
1358 1144 1469 1208 Deum
1486 1142 1530 1208 ad
1549 1143 1673 1208 reniam

329 1244 537 1329 peccantibus
561 1241 801 1326 elargiendam?
831 1245 1035 1310 Coniecturae
1059 1251 1229 1329 suppetere
1258 1245 1407 1330 aliquas,
1437 1264 1510 1310 non
1537 1247 1672 1309 omnino

328 1347 475 1430 negabo;
499 1354 531 1412 et
553 1353 775 1429 argumentum
798 1353 967 1432 suppetere
989 1349 1193 1431 perspicuum
1213 1353 1245 1412 et
1263 1346 1455 1432 indubium,
1480 1335 1552 1414 uon
1571 1348 1671 1412 ausim

327 1447 500 1516 affirmare.

417 1550 509 1617 Unde
526 1552 609 1616 enim
629 1549 697 1616 hoc
712 1558 935 1631 argumentum
954 1551 1250 1635 petereturiForte
1267 1571 1306 1618 ex
1329 1550 1439 1618 dimna
1459 1552 1498 1617 iu
1524 1552 1670 1618 homines

328 1652 495 1718 bonitate?
512 1657 553 1719 ut
567 1652 696 1718 benitas
713 1660 761 1718 est
780 1653 879 1732 herc,
899 1671 981 1736 quae
1004 1653 1190 1720 ab‘iustitia
1209 1672 1274 1719 non
1297 1655 1500 1738 seiungitur,
1529 1673 1616 1739 quae
1638 1656 1670 1718 in

329 1755 379 1821 sni
395 1763 524 1821 externa
540 1744 828 1822 communicatione
845 1755 945 1822 libera
965 1761 1029 1837 est,
1055 1774 1137 1840 quse
1157 1775 1190 1822 se
1214 1756 1429 1822 manifestavit
1455 1757 1543 1822 satis·
1562 1755 1669 1821 bomi-
1714 1817 1716 1828 ,

328 1875 402 1923 uem
419 1858 577 1941 creando,
595 1859 750 1943 illumque
766 1856 951 1924 exornando
969 1857 1152 1943 praesidiis,
1171 1858 1289 1944 quibus
1310 1859 1359 1924 uti
1377 1860 1403 1924 si
1419 1859 1544 1941 vellet,
1561 1858 1666 1941 legem

328 1967 488 2043 seruaret,
510 1980 615 2047 neque
633 1960 777 2026 divinum
798 1979 916 2026 numen
928 1959 1127 2026 offenderet.

417 2065 513 2130 Forte
539 2083 577 2130 ex
599 2063 815 2131 imbecillitate
841 2063 1031 2130 creaturae?
1055 2063 1117 2129 Sed
1137 2061 1338 2136 imbecillitas
1358 2064 1437 2129 baec
1461 2070 1514 2130 est
1541 2059 1664 2129 confir-

328 2171 414 2241 mata
433 2166 606 2248 divinitus,
630 2185 775 2251 quaeque
790 2167 817 2232 si
841 2166 954 2232 cudere
975 2185 1014 2231 ex
1030 2167 1079 2248 sui
1093 2173 1207 2232 natura
1222 2167 1349 2250 potuit,
1371 2184 1438 2232 nou
1456 2166 1536 2232 ideo
1558 2172 1665 2232 tamen

327 2287 440 2334 revera
457 2269 617 2354 peccando
633 2268 767 2350 cecidit,
789 2269 852 2334 nisi
871 2271 945 2354 quia
957 2269 1056 2334 libere
1072 2270 1198 2350 veluit,
1220 2276 1319 2353 atque
1334 2268 1558 2352 libcreelegit
1581 2283 1664 2332 cree-

327 2376 433 2436 turam
458 2373 595 2437 creatori
616 2371 791 2455 praeferre.

415 2475 543 2539 llaneat
560 2491 638 2557 ergo
654 2473 771 2555 fixum,
793 2491 830 2538 ex
848 2471 937 2538 nullo
952 2472 1086 2538 rationis
1102 2473 1262 2558 principio
1278 2471 1408 2555 colligi,
1430 2491 1503 2538 non
1518 2469 1662 2556 potuisse

327 2576 430 2642 Deum
443 2577 530 2642 intre
543 2583 648 2642 certos
664 2575 819 2661 quosdam
834 2575 1089 2661 limites-tempus
1100 2576 1316 2655 concludere,
1339 2593 1406 2661 quo
1421 2575 1518 2641 venia
1530 2569 1656 2660 sperari

327 2685 446 2764 posset.

734 2829 1244 2997 nununumnr'r'.

325 3153 406 3243 Bene
424 3183 557 3244 marullo
582 3186 659 3245 rotie
681 3183 798 3246 nullam
821 3184 854 3244 iu
877 3201 910 3244 cc
930 3201 1065 3262 pugnam
1088 3141 1300 3277 deprcbccdil,
1330 3181 1411 3261 crrod
1433 3187 1555 3262 tempus
1580 3177 1657 3240 obli·

400 3285 513 3347 ocadoc
529 3286 633 3348 veniae
650 3304 670 3348 c
689 3287 750 3348 Dec
769 3290 993 3366 praestitutum,
1015 3287 1243 3350 mortalisoitcc
1255 3285 1372 3363 fluibus
1391 3291 1577 3386 coerceatur.

416 3505 469 3566 11.
493 3503 771 3569 Dnuousuuauro.
797 3501 892 3584 Quod
908 3503 1001 3570 salvis
1016 3503 1152 3568 iustitiae
1171 3509 1203 3568 et
1223 3503 1390 3587 aequitatis
1405 3499 1532 3566 iuribus
1553 3495 1653 3585 possit

326 3590 494 3687 supremus
514 3606 665 3690 princeps
686 3605 755 3688 lege
774 3605 841 3669 leta
861 3604 1010 3688 definire,
1035 3605 1162 3692 nonnisi
1181 3606 1266 3670 inira
1283 3611 1406 3670 certum
1424 3609 1554 3687 tempus
1570 3598 1652 3666 obli·

240 3783 244 3788 ¹
325 3703 449 3771 nendae
468 3707 580 3772 reniae
595 3706 779 3774 facultatem
795 3707 888 3792 lieris
904 3715 936 3772 et
952 3709 1148 3775 declaratum
1163 3715 1210 3774 est
1227 3708 1374 3792 superius
1391 3708 1439 3788 3),
1462 3711 1495 3770 ct
1510 3705 1652 3789 inspecta

325 3807 371 3872 rei
396 3797 509 3876 natura
533 3809 733 3893 intelligitur.
764 3815 848 3896 Ergo
876 3813 972 3878 etiam
990 3814 1109 3895 licus,
1140 3811 1234 3877 salvis
1258 3811 1397 3875 iustitiae
1424 3817 1455 3874 et
1482 3801 1651 3892 aequitalis

199 3931 201 3936 ·
323 3910 468 3993 iuribus,
493 3914 614 3998 poterit
637 3914 706 3998 lege
730 3915 794 3980 lata
820 3918 962 3998 sancire,
980 3922 1118 4002 ¹tempus
1142 3913 1335 3981 obtinendae
1360 3913 1472 3979 veniae
1495 3907 1650 3977 limitibus

324 4017 499 4097 pmeseutis
519 4017 603 4081 vitae
621 4016 850 4083 circumscribi.

416 4119 468 4182 12.
494 4119 534 4183 Et
550 4137 609 4184 cur
624 4137 689 4184 uon
705 4121 838 4205 posset?
854 4122 951 4186 Forte
973 4120 1063 4207 quod
1078 4123 1127 4186 ius
1144 4120 1187 4186 sit
1203 4119 1332 4202 bomini,
1350 4118 1504 4203 prolixius
1524 4122 1649 4195 tempus

322 4217 517 4284 obtinendi?
541 4219 601 4287 Sed
623 4221 703 4304 fingi
726 4222 762 4289 id
782 4223 860 4288 iuris
886 4229 1012 4308 potest,
1041 4216 1257 4306 comprobari
1270 4211 1335 4286 uon
1358 4224 1478 4304 potest.

360 4339 362 4344 ¹
413 4323 463 4388 tu
478 4324 570 4407 haec,
589 4325 616 4390 si
630 4325 753 4391 bomini
768 4327 819 4392 ius
834 4332 916 4392 esset
929 4326 1084 4411 prolixius
1098 4331 1225 4409 tempus
1238 4322 1416 4405 obtinendi,
1430 4339 1563 4406 quaero,
1579 4313 1647 4402 quis

308 4422 420 4509 ,buius
433 4431 589 4512 temporis
601 4429 786 4513 pmestituet
797 4429 936 4496 limites?
948 4429 998 4495 An
1011 4430 1110 4494 homo
1127 4417 1212 4513 ipse?
1224 4427 1286 4494 Sed
1301 4429 1429 4491 nonest
1444 4424 1582 4489 hominis
1593 4415 1645 4502 qui
1731 4427 1735 4434 “

323 4526 387 4613 legi
403 4529 564 4613 subditur,
582 4535 709 4617 tempus
724 4531 900 4616 legislatori
914 4531 1145 4618 praescribere,
1164 4549 1230 4615 quo
1245 4530 1292 4596 ies
1309 4529 1350 4594 sit
1364 4529 1488 4594 veniam
1503 4536 1641 4612 sperare·

415 4769 439 4826 ol
450 4763 566 4814 videlicet
576 4777 617 4815 uu.
630 4775 657 4825 o,
672 4774 705 4814 ro.
