3622 5464
171 771 642 909 sinonem
695 769 1434 909 resonantium

331 1096 552 1188 COMMENT.
582 1097 609 1165 Ι.
637 1096 695 1165 ΒΕ
720 1093 1015 1166 sersalium
1039 1092 1279 1164 POENARUM

557 1416 800 1477 eremorum
830 1371 1054 1476 nocnnms

120 1663 279 1722 TflEon.
301 1662 324 1717 Ι.
395 1659 553 1717 Aeternitas
571 1673 724 1732 poenarum
736 1658 773 1718 iis
788 1658 957 1716 testimoniis
974 1659 1123 1727 asseritur,
1140 1672 1211 1732 quae
1228 1655 1333 1715 inferni
1350 1669 1413 1729 poe

429 1763 481 1805 nas
494 1747 601 1804 ditem
621 1747 763 1821 appellant
779 1755 905 1806 aeternas
925 1786 1310 1804 .........
1346 1759 1410 1818 pag.
1450 1750 1467 1800 8

123 1849 279 1910 meon.
300 1848 337 1902 11.
395 1847 552 1904 Poenarum
568 1847 716 1904 aeternitas
732 1845 767 1904 iis
783 1845 904 1904 efficitur
918 1845 1103 1916 testimoniis,
1122 1844 1226 1920 quibus
1239 1841 1351 1904 eaedem
1365 1841 1417 1900 du·

25 1999 26 2002 ,
430 1943 540 1993 raturae
558 1933 692 1993 dicuntur
707 1935 736 1993 in
755 1935 866 1994 saecula
885 1936 1061 1993 saeculorum
1125 1974 1366 1992 ......
1383 1957 1385 1962 ·
1406 1975 1413 1990 .
1435 1938 1468 1989 tt

125 2027 280 2085 THEOR.
300 2026 352 2083 ili.
395 2024 552 2082 Aeternitas
564 2041 716 2098 poenarum
728 2025 942 2092 iistestimoniis
953 2024 1089 2094 efficitur,
1100 2023 1204 2099 quibu
1213 2024 1321 2081 disens
1330 2030 1414 2096 atque

431 2114 569 2188 explicite
586 2113 746 2172 earumdem
765 2115 830 2172 finis
849 2122 968 2186 negatur
982 2154 1411 2172 ..........
1434 2117 1466 2168 rt

130 2205 281 2264 THEOR.
303 2205 350 2261 tv.
397 2205 554 2262 Poenarum
567 2204 715 2262 aeternitas
726 2205 762 2282 iis
773 2203 893 2262 efficitur
905 2203 1085 2274 testimoniis,
1097 2203 1200 2277 quibus
1211 2201 1322 2260 duratio
1335 2215 1413 2276 prae·

433 2294 482 2350 mii
494 2293 629 2352 divinitus
640 2293 784 2351 constituti
798 2310 861 2350 oum
875 2309 980 2367 poenae
990 2292 1137 2352 duratione
1150 2289 1318 2351 confertur.
1359 2334 1366 2348 .
1405 2297 1468 2347 ,19

134 2375 283 2442 THEOR.
303 2385 337 2441 V.
399 2383 554 2442 Poenarum
572 2383 719 2440 aeternitas
736 2382 771 2440 iis
788 2381 908 2440 efficitur
921 2383 1104 2451 testimoniis,
1123 2381 1228 2455 quibus
1243 2397 1306 2454 spes
1323 2381 1415 2438 omnis

430 2471 581 2550 damnetis
600 2470 734 2528 adimitur
752 2470 863 2529 futurae
881 2468 1080 2545 redemptionis
1097 2471 1141 2528 vel
1158 2469 1332 2528 liberationis
1355 2511 1363 2524 .
1403 2511 1410 2524 .
1430 2473 1481 2542 at,

131 2561 279 2620 meon.
298 2560 347 2617 v1.
395 2560 552 2618 Poenarum
570 2560 719 2618 aeternitas
739 2560 773 2618 iis
793 2559 914 2618 efficitur
933 2560 1116 2630 testimoniis,
1137 2559 1240 2634 quibus
1256 2555 1345 2614 malis
1364 2571 1416 2613 on·
1464 2613 1466 2622 ,

428 2648 502 2730 pelis
521 2664 585 2722 spes
602 2650 696 2708 omnis
714 2648 888 2708 liberationis
907 2648 1062 2724 denegatur
1076 2688 1413 2706 ........
1433 2649 1468 2700 2⁵

133 2739 278 2796 THEOR.
298 2737 361 2795 vn.
395 2739 552 2796 Poenarum
569 2739 719 2798 aeternitas
738 2740 774 2798 iis
792 2739 913 2798 efficitur
930 2739 1098 2798 testimoniis
1116 2754 1188 2813 quae
1205 2735 1414 2804 demonstrant,

429 2831 520 2904 λύτρον
534 2830 639 2888 infiniti
655 2831 737 2903 pretii
753 2830 840 2888 fuisse
856 2829 1060 2899 necessarium,
1076 2835 1110 2886 ut
1125 2827 1254 2886 homines
1267 2843 1284 2884 a
1297 2824 1416 2900 peoeatis

427 2928 455 2976 et
473 2935 564 2993 poena
583 2919 704 2992 peccatis
721 2916 815 2976 debita
832 2918 1018 2976 eximerentur
1063 2955 1410 2974 .........
1430 2920 1466 2970 tu

325 3172 546 3245 consuens.
575 3173 619 3242 11.
647 3173 705 3244 ns
729 3151 1026 3243 nemesianus
1045 3171 1288 3244 xuorertsnuu

585 3455 787 3516 ntuloitls
819 3457 1028 3515 IUDICIUM

790 3643 814 3698 Ι.

142 3815 282 3872 THEOR.
304 3816 327 3869 Ι.
399 3816 474 3872 Bene
484 3817 612 3874 oonsulta
623 3819 695 3876 ratio
706 3814 1414 3892 nnllamineodeprehenditpugnam,quod1ieus

432 3904 622 3974 praestituerit
630 3914 737 3964 eertum
747 3906 890 3981 quoddam
898 3915 1009 3982 tempus
1016 3951 1028 3979 ,
1036 3924 1093 3982 quo
1102 3908 1212 3982 elapso,
1223 3905 1414 3982 peecatoribus

431 3989 511 4048 nulla
529 4008 592 4067 spes
610 3996 649 4054 sit
663 3995 771 4070 reliqua
789 3994 1187 4066 condonationisobtinendae
1218 4037 1412 4054 .....
1432 3999 1466 4051 8³

787 4135 826 4230 u}

146 4341 280 4402 turios.
300 4347 337 4403 11.
394 4345 469 4418 Bene
486 4349 614 4406 consulta
635 4350 707 4407 ratio
727 4350 839 4408 nullom
852 4351 887 4410 'in
904 4368 937 4411 eo
952 4370 1085 4428 puppam
1106 4353 1313 4428 deprehendit,
1335 4349 1412 4425 quoi

430 4442 542 4508 tempus
563 4433 731 4503 obtinendae
748 4439 843 4498 veniae
861 4457 878 4498 a
893 4445 953 4500 Deo
964 4443 1178 4516 praestitutum,
1203 4440 1328 4500 mortalis
1339 4440 1411 4498 sitae

430 4522 536 4582 finibus
557 4533 716 4582 eoerosatur
744 4567 1413 4588 ...............
1432 4533 1469 4603 ue

144 4609 279 4670 THEOR.
300 4609 351 4665 ΙΙΙ.
394 4611 467 4668 Cum
483 4615 638 4686 principiis
658 4616 782 4672 notioris
797 4618 922 4690 apprime
940 4623 1087 4694 comperiit,
1105 4627 1138 4679 ut
1156 4620 1206 4695 qui
1224 4627 1292 4678 sunt
1309 4618 1415 4676 limites

430 4699 691 4802 praesentissime,
711 4702 742 4760 hi
761 4719 873 4779 quoque
895 4718 1061 4768 censeantur
1080 4710 1185 4769 limites
1203 4705 1414 4783 romaquendae

433 4795 528 4846 tentae
559 4831 1178 4856 ..............
1210 4849 1211 4854 ,
1218 4837 1412 4856 .....
1433 4799 1467 4851 85
