3622 5464
295 341 338 404 tt
704 354 748 402 ne
770 353 1000 402 aurariam
1022 349 1209 402 maana

295 480 392 558 atque
415 469 520 536 ordini
542 471 700 536 hnmanae
714 469 897 536 meotida?
919 471 1045 536 Munna
1066 476 1164 554 amne
1184 467 1268 536 ordo
1283 468 1443 538 hemmae
1464 475 1624 541 mentis

294 593 332 640 ex
349 565 389 640 eo
404 573 539 638 maxime
553 571 691 656 pendet,
707 571 798 658 qnod
813 572 960 638 homines
977 589 1041 656 pro
1057 578 1147 638 nerto
1168 570 1331 654 habeant,
1357 573 1418 640 sibi
1444 583 1520 658 post
1535 595 1622 646 men

294 684 360 742 tem
382 673 580 740 maunda-
596 693 664 738 esse
681 693 792 740 eorum
815 693 895 758 uun
912 675 1068 755 gnaeum
1087 674 1262 750 retinam,
1281 677 1462 760 praeninn
1477 680 1526 744 sal
1543 697 1623 762 pee-

295 798 370 848 uam
383 798 446 864 pro
463 785 593 844 actuum
607 783 721 844 natum
739 777 880 842 relaturi.
900 775 1066 862 Quidquid
1086 793 1165 862 erpo
1187 777 1264 844 lane
1286 781 1486 864 persuasioni
1502 781 1621 862 efflet,

295 881 457 966 quidquid
473 899 544 946 ean
560 887 708 958 enenat,
736 879 895 946 iniensun
917 881 1060 964 apprime
1081 885 1131 946 est
1149 880 1239 948 bono
1262 887 1295 948 ot
1316 881 1420 950 ordini
1447 885 1621 954 societatis.

296 984 357 1050 Sed
372 985 502 1068 notitia,
520 983 572 1048 vel
593 983 685 1048 etiam
704 984 888 1048 coniectura
911 1000 978 1047 non
999 982 1239 1066 improbabilis,
1271 982 1362 1067 quod
1386 992 1461 1069 post
1485 995 1623 1053 nonen

294 1107 360 1154 non
383 1087 488 1154 ononis
504 1085 717 1171 praeripiatur
732 1085 869 1152 iaooltes
881 1085 1022 1154 donans
1043 1085 1201 1154 uuonan
1218 1085 1399 1166 euadendi,
1419 1087 1466 1154 illi
1488 1105 1623 1172 μετεπα-

293 1192 378 1258 sioni
400 1191 603 1256 vehementer
619 1187 738 1266 officit,
763 1188 832 1254 aius
853 1186 1031 1254 eifioaoisrn
1049 1195 1199 1269 emerat,
1216 1195 1313 1274 atque
1336 1189 1544 1271 boabitas,
1565 1211 1624 1276 spe

295 1291 379 1358 faeta
400 1293 610 1376 reparationis
635 1297 895 1374 postmontis,
920 1290 1047 1356 animos
1069 1289 1176 1370 addit,
1197 1297 1236 1356 ut
1256 1291 1465 1376 inpraesenti
1481 1295 1548 1360 sita
1561 1295 1624 1360 siut

294 1395 497 1480 indulgeant,
514 1402 547 1461 et
561 1393 745 1460 officiorum
761 1391 941 1458 custodiam
958 1411 1019 1476 pro
1036 1393 1193 1476 praesenti
1211 1392 1346 1458 utilitate
1360 1401 1392 1460 et
1409 1394 1622 1462 delectatione

294 1505 510 1564 conumnant
534 1499 613 1563 Cum
636 1515 714 1580 ergo
737 1499 824 1564 Deus
845 1503 957 1564 suetos
983 1497 1026 1562 sit
1051 1501 1089 1562 et
1105 1503 1245 1564 asserto
1269 1495 1349 1562 boni
1375 1505 1472 1582 atque
1500 1497 1624 1564 ordinis

295 1603 453 1682 humanae
473 1601 650 1683 societatis,
674 1601 703 1664 is
723 1617 797 1664 vera
822 1597 930 1664 dicere
949 1597 1123 1663 censendus
1148 1600 1272 1684 estqui
1296 1600 1490 1682 contendat,
1519 1601 1626 1686 ipsum

295 1705 432 1768 voluisse
458 1710 495 1768 ut
511 1722 574 1768 una
591 1721 663 1768 enm
679 1702 840 1787 praesenti
857 1701 922 1766 vita
936 1719 1010 1786 spes
1028 1701 1132 1766 omnis
1155 1703 1265 1766 reniae
1288 1708 1385 1787 atque
1412 1703 1627 1787 reparationis

296 1805 464 1894 mea.

692 2006 1092 2102 THEOREMA
1129 2007 1223 2100 tv.

297 2271 375 2332 Betae
389 2271 522 2332 eumelio
537 2271 615 2330 ratio
630 2267 709 2332 nillil
725 2271 759 2330 in
779 2285 813 2330 eo
834 2267 1031 2347 deprehendit
1055 2268 1180 2330 absurdi
1188 2313 1198 2345 ,
1223 2267 1305 2346 qood
1320 2271 1375 2347 qut
1391 2271 1516 2348 peceato
1530 2236 1627 2330 obeo-

402 2376 474 2435 πίω
492 2376 556 2435 vito
570 2371 732 2456 serpitur,
761 2375 788 2432 is
814 2371 928 2433 tamdiu
948 2389 1076 2451 postem
1098 2373 1182 2449 tuot,
1208 2369 1354 2451 quamdiu
1382 2373 1496 2434 extem.

385 2633 438 2694 15.
463 2630 739 2694 Dsnossraarro.
760 2630 822 2692 Fae
837 2631 870 2693 in
886 2629 1024 2694 humma
1038 2629 1191 2694 iouente
1206 2635 1329 2694 oenum
1345 2634 1476 2712 tenpus
1488 2627 1628 2712 praesti·

295 2738 402 2798 tutum
425 2751 509 2814 esse,
538 2749 604 2815 quo
629 2731 738 2813 elapso
755 2731 826 2814 lege
848 2731 916 2798 lata
934 2729 1144 2798 declaraverit
1169 2731 1337 2814 princeps,
1366 2749 1430 2814 pro
1451 2731 1627 2812 mesatis

295 2834 484 2901 criminibus
500 2833 619 2898 nullam
637 2833 929 2912 veniameunoedi,
953 2833 1011 2899 sed
1031 2835 1066 2898 in
1081 2849 1192 2898 omnes
1208 2837 1305 2916 atque
1319 2832 1468 2916 singulos
1483 2831 1527 2900 ad
1547 2851 1627 2900 nur·

295 2955 378 3001 naam
395 2937 532 3002 iustitiae
552 2934 775 3002 animadverti.
795 2935 946 3002 Proiecto
960 2936 986 3000 si
1000 2935 1058 3019 qui
1073 2935 1245 3001 ennium
1264 2934 1310 2999 rei
1331 2952 1483 3002 concessa
1500 2952 1627 3019 oppor-

293 3041 429 3106 tunitate
452 3057 518 3104 non
534 3045 683 3118 utantur,
707 3043 741 3103 et
753 3046 881 3123 tenipus
899 3037 1116 3122 assequendae
1133 3039 1245 3104 venne
1269 3037 1494 3122 praesdtutunr
1518 3037 1625 3104 sinant

294 3140 502 3228 praeterlabi;
520 3159 614 3207 nemo
630 3141 810 3225 prinoipem
829 3140 1061 3225 reprehendat,
1082 3140 1157 3207 siin
1172 3141 1246 3206 illos
1262 3139 1307 3206 ad
1320 3141 1461 3206 iustitiae
1474 3159 1625 3208 normani

296 3245 550 3327 animadvertat,
576 3243 769 3330 eosdemque
794 3245 890 3310 etian
915 3261 1021 3329 poena
1040 3251 1197 3330 perpetua
1219 3261 1280 3327 pro
1309 3243 1450 3310 criminis
1474 3245 1628 3326 gravitate

296 3352 441 3433 castiget.

383 3449 461 3532 Quis
485 3468 564 3533 ergo
588 3453 672 3517 ausit
698 3455 802 3517 Deum
831 3449 1078 3532 reprehendere,
1109 3450 1136 3514 si
1161 3448 1291 3532 iniquos
1313 3449 1482 3529 honines,
1507 3449 1563 3532 qni
1592 3448 1627 3512 iu

296 3556 455 3640 praesenti
475 3554 540 3622 rito
557 3555 832 3638 opportunitatem
848 3550 1039 3618 obtinendae
1056 3551 1165 3616 reniae
1185 3552 1437 3635 eontempserint
1448 3597 1461 3630 ,
1474 3551 1510 3616 in
1527 3551 1627 3618 altera

295 3657 335 3723 ad
350 3657 497 3722 tenorem
519 3657 598 3739 legis
618 3657 748 3741 puniat,
774 3662 871 3738 atque
896 3653 937 3722 ab
964 3654 1010 3718 eis
1025 3671 1145 3736 poenas
1159 3654 1265 3737 exigat
1284 3653 1409 3720 undu
1432 3653 1626 3734 dmturas,

296 3758 448 3844 quamdiu
468 3759 530 3842 ipsi
551 3756 808 3842 permanserint?
830 3757 948 3822 Fornsa
968 3757 1048 3822 lraee
1069 3763 1117 3822 est
1139 3755 1257 3838 mendi
1278 3773 1352 3822 oum
1374 3773 1481 3822 mm
1503 3755 1626 3822 naturis

296 3869 371 3953 apto
394 3863 616 3942 musantiens,
641 3868 677 3926 nt
699 3860 756 3944 qni
779 3858 979 3942 indulgentia
999 3857 1152 3945 priaoip'n
1174 3858 1223 3922 uti
1246 3857 1434 3938 noluerint,
1453 3859 1539 3926 illius
1555 3860 1626 3924 vin-

297 3964 414 4030 enm
431 3965 649 4048 experiantur.
1033 3980 1042 3986 ·

388 4070 441 4132 16.
472 4070 640 4133 Praeterea
673 4065 754 4130 nihil
781 4064 871 4149 qued
898 4064 1058 4133 absonm
1082 4063 1151 4144 sit,
1180 4063 1271 4148 quod
1300 4081 1509 4147 repugnans,
1536 4063 1628 4147 quod

295 4171 472 4252 iniustum,
496 4173 529 4235 in
550 4189 590 4238 eo
613 4169 767 4254 perspicit
788 4167 933 4236 humana,
949 4169 1056 4249 ratio,
1085 4174 1123 4235 at
1144 4185 1209 4234 una
1229 4167 1406 4251 eadeuque
1436 4168 1479 4232 sit
1504 4185 1627 4250 poenae

297 4280 330 4338 et
354 4274 482 4358 eulpae,
507 4273 558 4338 oui
583 4290 690 4357 poena
715 4271 888 4355 infligitur,
918 4271 1057 4338 duratio.
1082 4269 1216 4336 ‘landis
1236 4270 1322 4338 eninr
1343 4271 1416 4353 quis
1437 4266 1557 4355 Quoia
1579 4277 1628 4336 eat
1744 4280 1747 4284 ’

298 4377 356 4461 qni
377 4376 557 4460 plectatur,
575 4373 729 4459 qnandiu
746 4373 905 4458 obligatus
921 4379 1027 4438 manet
1042 4378 1135 4438 reatu
1151 4372 1274 4456 eulpae.
1291 4371 1355 4437 Sed
1370 4377 1475 4436 reatus
1491 4372 1625 4456 eulpae,

298 4481 356 4564 qui
376 4497 443 4544 non
464 4477 687 4558 condonetur,
711 4478 828 4560 ingiter
849 4482 1025 4561 permanet.
1050 4475 1135 4560 argo
1158 4475 1186 4538 si
1206 4479 1436 4557 postmortem
1451 4493 1627 4560 nunquan
1677 4483 1682 4490 '

298 4582 517 4662 condonetur,
540 4581 658 4664 iugiter
678 4579 899 4665 permanebit,
918 4585 1016 4663 atque
1034 4576 1155 4664 iugiter
1177 4577 1236 4661 qni
1257 4583 1349 4642 reatu
1371 4575 1486 4660 eulpae
1506 4578 1626 4646 obstri-

298 4691 370 4750 etus
384 4690 506 4767 manet,
523 4683 641 4767 dignus
661 4685 721 4748 erit
736 4682 795 4766 qui
808 4682 970 4766 puniatur.
987 4683 1076 4764 Ergo
1090 4697 1215 4778 poena,
1234 4695 1318 4762 quae
1333 4684 1410 4763 post
1424 4687 1625 4762 praesentem

199 4858 201 4864 ,
298 4791 395 4853 sitam
417 4787 540 4854 tandin
562 4786 676 4868 duret,
695 4783 849 4870 quamdiu
863 4791 1016 4869 pemator
1030 4783 1153 4864 anstit,
1176 4800 1212 4848 ea
1234 4780 1339 4848 solinu
1356 4779 1546 4850 conditione
1566 4783 1628 4848 inr-
