3622 5464
617 524 1020 652 ,rnnnnnmo

159 1425 388 1593 sepositos
403 1479 637 1589 iampridem
653 1479 846 1560 habebam
865 1481 985 1560 hosce
999 1477 1340 1559 commentariolos
1353 1505 1486 1588 pressa

161 1637 202 1699 et
233 1617 399 1698 omnino
434 1614 637 1696 dialectica
668 1616 824 1695 ratione
856 1613 1125 1722 conscriptos,
1154 1613 1332 1721 mihique
1362 1611 1484 1691 fixum

163 1769 247 1832 erat
273 1750 361 1830 illos
384 1735 580 1829 in'lueem
604 1778 688 1829 non
715 1750 891 1833 emittere
914 1749 992 1827 nisi
1015 1746 1242 1854 diligentius
1264 1746 1482 1856 expolitos,
1530 1731 1537 1740 ⁶

162 1905 202 1967 et
229 1883 410 1966 secundis
433 1901 569 1964 auctos
596 1884 701 1964 curis
724 1911 769 1963 ac
790 1911 867 1991 pro
894 1882 1080 1962 facultate
1105 1880 1315 1989 perfectos.
1346 1879 1408 1960 Ne
1430 1895 1487 1959 ta-

163 2045 254 2100 men
282 2036 465 2127 suscepto
493 2017 657 2098 consilio
680 2017 857 2096 tenacius
881 2016 1150 2112 inhaererem,
1176 2011 1371 2122 quaedam
1392 2012 1488 2092 effe·

163 2174 305 2235 cerunt
337 2183 443 2263 quae
474 2153 570 2231 mihi
602 2179 735 2258 neque
765 2151 864 2230 levia
898 2178 1029 2258 neque
1061 2151 1222 2256 penitus
1253 2147 1487 2256 negligenda

156 2291 244 2369 ‘visa
272 2306 379 2367 sunt.

268 2423 394 2503 Certis
417 2446 587 2527 namque
610 2417 765 2498 indiciis
791 2419 961 2524 cognovi
983 2446 1066 2497 non
1086 2446 1169 2497 uno
1192 2418 1235 2495 in
1256 2415 1345 2496 loco
1367 2444 1486 2524 quae-

161 2558 329 2637 stionem
357 2553 408 2635 de
429 2581 658 2662 poenarum
684 2553 939 2648 aeternitate,
968 2550 1100 2659 deque
1125 2551 1214 2660 igne
1238 2552 1399 2658 inferno
1427 2578 1488 2631 re-

163 2687 419 2786 crudescere,
450 2705 489 2767 et
516 2687 559 2766 in
587 2687 731 2794 Anglia
758 2687 990 2795 praesertim
1004 2691 1022 2785 ,'
1044 2687 1087 2764 in
1114 2685 1268 2784 Gallia,
1298 2704 1419 2794 atque
1445 2688 1488 2766 in

163 2824 377 2904 Germania
409 2825 512 2902 hanc
549 2823 688 2930 ipsam·
706 2824 1002 2908 contentionem
1033 2822 1303 2901 vehementius
1326 2823 1485 2928 agitari.
1546 2805 1551 2814 ⁵

165 2957 423 3066 Quapropter
441 2957 579 3035 censui
602 2954 906 3062 obsequendum
931 2983 1017 3035 esse
1039 2939 1351 3063 opportunitati,
1376 2982 1489 3034 occa·

166 3090 396 3197 sionemque
414 3087 681 3197 arripiendam
700 3090 978 3169 communibus
998 3087 1215 3169 commodis
1233 3088 1484 3168 inserviendi.

272 3220 468 3303 Prodeant
496 3251 590 3331 ergo
610 3225 651 3301 in
678 3221 871 3317 medium,
895 3223 967 3330 qui
994 3223 1070 3301 iam
1101 3224 1194 3302 satis
1221 3221 1486 3319 delituerunt,

168 3357 463 3454 commentarii,
485 3375 523 3437 et
551 3359 715 3464 exiguae
742 3356 834 3435 lieet
855 3357 990 3454 molis,
1011 3372 1242 3463 argumento
1261 3373 1392 3436 tamen
1411 3357 1489 3434 sint

167 3486 271 3566 illius
299 3488 418 3569 studii
451 3520 533 3600 quo
565 3492 608 3570 in
641 3491 804 3570 tutelam
835 3489 1050 3571 catholicae
1078 3492 1253 3571 veritatis
1282 3491 1489 3598 impensis-

167 3621 261 3701 sime
288 3622 406 3704 feror.

271 3892 437 3955 Sorlbebam
459 3897 488 3953 tn
509 3895 643 3955 Romano
662 3895 790 3972 Collegto
810 3895 862 3962 lv.
884 3896 951 3955 Kal.
973 3896 1058 3957 Febr.
1084 3905 1171 3954 1854.
1197 3851 1200 3857 Ι

838 4381 1017 4458 Cinorus
1047 4381 1251 4459 Passioni
1279 4379 1319 4457 S.
1351 4380 1380 4456 1.
