3622 5464
680 327 948 378 oouurnrauxus
971 327 1009 376 ιι.
1470 313 1507 374 it

180 452 284 518 mutto
306 449 408 531 mapa
424 447 549 514 delicati
565 453 649 512 emet
664 453 696 510 et
713 445 876 511 muliebris
890 445 986 510 animi
1004 463 1042 510 ea
1056 463 1162 528 poena
1176 444 1354 511 admodum
1368 463 1514 512 commo-

181 556 269 636 veri,
288 572 372 637 qnae
393 551 486 617 finito
507 550 738 634 comprehensa
756 567 857 634 gyro,
879 549 1001 614 nullum
1024 567 1081 631 per
1101 547 1297 614 indefinitam
1312 547 1514 616 durationem

182 658 332 723 eiicctum
356 659 491 737 pareret.
1579 735 1582 742 .

208 791 212 800 ·
272 757 330 823 Sed
344 764 380 822 et
396 757 530 821 aiterum
547 759 816 837 consequeretur,
835 758 993 836 perpetuo
1010 751 1224 833 vernonium,
1241 751 1331 836 quod
1347 760 1514 835 peccatum

186 861 389 947 mouentibus
411 878 477 925 non
501 858 623 922 nocuit.
651 857 775 921 Etenim
797 857 906 938 elapso
924 863 1071 940 tempore
1092 871 1216 939 poenae
1234 857 1441 939 praestituto,
1466 859 1514 921 tu·

185 963 350 1028 definitum
377 966 556 1043 superesset
582 965 709 1043 tempus
734 977 856 1043 poenae
884 975 1042 1037 vaenum,
1073 975 1140 1040 quo
1170 956 1340 1023 indefinito
1370 961 1515 1042 tempora

185 1069 347 1148 integrum
369 1069 450 1128 esset
480 1061 701 1146 peecatoribus
722 1059 849 1125 dicere:
875 1058 1026 1142 equidem
1052 1060 1273 1142 peccavimus,
1298 1059 1355 1124 scd
1381 1061 1413 1124 iu
1442 1079 1514 1146 per·

185 1176 319 1253 petuam
342 1186 381 1232 cx
406 1167 566 1251 peccatis,
591 1163 710 1248 quibus
738 1165 840 1228 Deum
868 1161 1082 1242 offendimus,
1112 1161 1298 1246 divinaeque
1330 1161 1415 1246 teges
1437 1181 1515 1230 eon-

186 1271 400 1352 euloavimus‚
423 1267 547 1332 nultum
567 1269 767 1350 experiemur
788 1265 1013 1332 detrimentum

273 1375 379 1455 Ergo,
403 1390 441 1436 ue
466 1371 499 1436 iu
517 1370 616 1450 haec,
641 1369 767 1454 aliaque
787 1367 942 1434 eiusmodi
961 1367 1139 1434 incidamus
1158 1368 1318 1451 absurde,
1341 1370 1515 1438 conciuda-

185 1496 259 1543 mus
280 1481 429 1560 oportet,
451 1491 656 1558 summopere
678 1473 841 1552 doonuse,
871 1479 907 1538 ut
926 1489 1048 1556 poenae
1071 1479 1243 1558 perpetuae
1259 1472 1374 1538 divinis
1391 1474 1515 1556 legibus
1548 1563 1552 1572 .

185 1577 409 1648 adiicerentur.

275 1683 330 1748 26.
349 1679 453 1764 idque
468 1697 505 1744 ex
524 1697 563 1744 eo
581 1679 695 1756 etiam,
714 1676 803 1760 quod
815 1677 914 1742 aliter
930 1695 1035 1760 neque
1050 1676 1214 1743 custodiae
1230 1679 1359 1744 moralis
1380 1679 1512 1760 ordinis,

185 1803 290 1869 neque
313 1784 402 1849 bono
426 1783 584 1847 humanae
606 1782 767 1848 societatis
791 1799 850 1865 pro
874 1781 1114 1864 opportunitate
1134 1781 1318 1847 consultum
1341 1781 1512 1848 videretur.

273 1886 470 1952 Evolvantur
494 1883 668 1964 historiae,
695 1884 902 1950 conferantur
926 1883 1070 1964 gentium
1094 1881 1241 1962 annates,
1270 1891 1302 1950 et
1328 1885 1516 1970 quotidiana

186 1988 381 2074 experientia
393 1988 621 2072 interrogetur.
637 1985 721 2066 Quid
737 1985 905 2052 discimus?
919 1986 1070 2051 istasunt
1084 2004 1167 2069 quae
1181 1985 1342 2052 discimus.
1358 1988 1515 2055 Discimns

189 2091 217 2156 Ι.
239 2089 372 2157 arduam
390 2078 458 2154 ease
473 2089 599 2153 virtutis
619 2088 780 2166 semitam,
801 2094 834 2152 et
857 2093 955 2170 quam
977 2087 1143 2153 hominum
1165 2093 1280 2153 natura
1303 2089 1430 2172 refugit.
1455 2091 1515 2155 Di·
1625 2097 1633 2114 “

185 2195 305 2259 scimus
319 2193 363 2257 ΙΙ.
382 2192 536 2256 humanas
553 2197 674 2256 mentes
693 2190 819 2255 invitia
840 2189 1015 2254 admodum
1035 2207 1103 2254 esse
1127 2207 1260 2273 pronus,
1277 2209 1425 2256 sensuum
1441 2211 1516 2258 sua-

187 2297 289 2362 vitate
310 2295 514 2360 vehementer
528 2293 625 2372 allici,
647 2311 752 2376 neque
770 2291 945 2357 admodum
961 2291 1047 2357 nuda
1064 2292 1238 2358 honestatis
1254 2294 1358 2377 specie
1373 2311 1517 2359 commo·

188 2401 268 2464 veri.
284 2399 443 2463 hiscimus
454 2397 513 2461 111.
523 2395 647 2462 assidua
657 2413 740 2477 opus
751 2413 819 2459 csse
831 2394 927 2459 animi
936 2395 1156 2473 contentione,
1170 2414 1210 2460 nc
1220 2395 1329 2461 officia
1340 2397 1514 2479 violentur,

191 2520 231 2564 nc
256 2501 373 2564 iustitia
395 2498 552 2564 laedatur.
577 2502 683 2581 Atque
706 2497 834 2562 tandem
857 2496 1008 2563 discimus
1028 2499 1084 2563 lv.
1111 2499 1177 2563 siue
1201 2501 1322 2582 magnis
1344 2499 1517 2564 virtutibus

190 2603 360 2668 societates
377 2603 425 2667 vel
443 2601 599 2683 subverti,
618 2601 668 2664 vet
684 2601 729 2664 ita
742 2601 858 2665 sensim
868 2603 900 2665 in
915 2603 1007 2685 peius
1024 2619 1129 2680 ruere,
1148 2589 1327 2667 ut'tandem
1343 2603 1511 2667 intereant.

279 2704 340 2770 sed
356 2703 645 2789 quidpropterea‘t
661 2701 800 2770 Omnino
815 2707 1025 2768 necessarium
1040 2719 1120 2787 esse,
1140 2723 1180 2768 ne
1195 2705 1380 2770 homiuibus
1396 2705 1518 2770 motiva
1592 2738 1596 2747 ·
1630 2711 1633 2718 '

189 2809 313 2888 desint,
341 2807 460 2892 quibus
482 2806 655 2874 efficaciter
677 2805 718 2871 ab
742 2803 925 2872 officiorum
946 2807 1194 2889 transgressione
1218 2807 1448 2872 deterreantur.
1475 2807 1518 2870 tt

188 2903 356 2996 quomodo
374 2909 448 2976 illos
469 2909 639 2976 efficaciter
655 2908 841 2974 deterreas?
862 2907 1023 2972 Eiusmodi
1039 2909 1287 2974 commiuatione
1313 2909 1407 2986 mati,
1426 2906 1515 2993 quod

188 3014 435 3093 exhorrescant,
457 3011 611 3096 quodque
633 3018 670 3076 ut
692 3013 809 3094 vitent,
834 3012 1038 3077 incitamenta
1061 3013 1180 3096 peccati
1200 3030 1393 3096 quamquam
1424 3012 1518 3076 vehe-

189 3115 386 3180 mentissima
406 3114 531 3180 fortiter
547 3113 776 3197 comprimant,
797 3118 1042 3196 constanterque
1061 3112 1249 3178 refraenent.

277 3216 339 3283 Sed
355 3222 440 3281 tauta
456 3233 498 3280 ne
511 3216 560 3280 vis
576 3215 671 3279 inerit
687 3214 927 3280 comminationi
946 3214 1039 3292 mati,
1066 3213 1155 3298 quod
1173 3215 1315 3296 desinat,
1337 3214 1426 3300 quod
1445 3215 1515 3280 itni-

189 3326 259 3384 tom
274 3320 333 3400 sit,
351 3325 384 3384 et
400 3337 419 3382 a
439 3336 505 3402 qno
528 3317 606 3385 nihil
628 3316 689 3382 sibi
711 3324 868 3402 perpetuo
883 3316 1057 3382 timendum
1075 3317 1211 3382 habeant
1233 3317 1403 3383 homines?
1423 3317 1517 3398 Quod

189 3429 313 3503 comat,
332 3421 487 3506 quodque
503 3421 631 3488 undem
649 3420 781 3501 vitabis,
807 3420 857 3485 vel
880 3439 946 3485 non
961 3419 1117 3500 deterret,
1138 3421 1188 3485 vel
1205 3439 1270 3485 non
1287 3439 1327 3486 eo
1344 3439 1465 3506 usqne,
1482 3427 1518 3486 ut

191 3525 404 3593 continendis.
415 3527 448 3591 in
469 3525 577 3592 officio
597 3525 781 3590 hominibus
798 3542 941 3608 parasse
962 3523 1060 3591 videri
1080 3526 1191 3610 possit.

281 3631 366 3712 Ergo
388 3647 479 3695 amor
502 3647 569 3712 quo
593 3631 678 3694 Deus
693 3627 816 3694 ordinis
832 3627 1010 3694 custodiam
1029 3631 1249 3712 prosequitur,
1270 3636 1301 3695 et
1319 3621 1519 3714 providentia

88 3809 93 3816 ι
192 3749 258 3814 qua
286 3732 452 3797 hominum
480 3733 663 3796 societatem
688 3730 906 3814 administrat,
936 3732 1099 3816 postulare
1123 3731 1292 3814 videntur,
1318 3739 1353 3796 ut
1376 3739 1520 3826 aetarnae

190 3835 255 3898 sint
277 3851 418 3918 poenae,
443 3834 561 3918 quibus
583 3834 707 3899 divinae
728 3833 814 3915 leges
837 3835 1032 3898 sanciuntur.

281 3939 335 4002 27.
361 3937 449 4016 Quae
470 3943 507 4001 ut
531 3938 626 4001 etiam
652 3935 812 4001 efficacius
834 3936 957 4000 animos
982 3937 1219 4020 perstringant,
1245 3937 1368 4022 aliquot
1392 3955 1521 4022 propo⁴
1562 3997 1566 4006 .

191 4039 297 4104 nimus
321 4045 507 4121 argumenta
530 4058 548 4102 a
573 4037 733 4103 vetedbus
755 4043 916 4120 usurpata.

280 4142 309 4205 Ι.
334 4143 550 4207 Aucusrxnns
572 4142 680 4225 itaque
693 4141 726 4204 in
743 4157 840 4224 opere
859 4143 904 4202 De
922 4143 1047 4204 Ciuitute
1065 4143 1121 4204 Dei
1139 4144 1168 4221 8)
1187 4147 1410 4226 percontatur:
1428 4171 1440 4196 κ
1456 4143 1521 4207 Cur

192 4241 336 4324 iniquum
359 4244 421 4327 sit,
444 4262 518 4308 cnm
536 4242 656 4308 iudices
679 4243 773 4307 huius
797 4241 906 4307 mundi
927 4248 1057 4327 peccata
1080 4243 1179 4308 multa
1203 4243 1310 4326 gladio
1334 4245 1519 4329 punientes,

194 4338 339 4408 homines
359 4346 393 4409 in
417 4351 580 4410 aeternum
599 4363 635 4408 ex
653 4344 803 4408 societate
822 4345 903 4408 vitae
922 4345 1077 4408 hnmanae
1097 4345 1326 4428 exterminent,
1349 4347 1521 4412 Dominum

193 4449 340 4510 aeternae
355 4447 492 4512 niutatis
507 4447 623 4530 impios
638 4452 670 4510 ct
688 4445 794 4511 hostes
814 4464 908 4529 suos,
926 4447 981 4531 qui
1007 4446 1222 4512 indesinenter
1248 4455 1396 4532 peccant,
1415 4450 1448 4513 in
1472 4467 1523 4512 ae-
1574 4482 1577 4490 ·

192 4551 321 4612 ternum
339 4567 377 4612 ex
393 4549 522 4613 civitate
540 4567 596 4612 sua
612 4549 744 4630 eiicere,
771 4553 803 4612 et
822 4548 882 4613 sub
909 4552 956 4613 ira
972 4557 1005 4612 et
1026 4548 1250 4614 maledictione
1275 4551 1374 4634 ipsius
1395 4557 1427 4614 et
1443 4550 1522 4632 legis

283 4771 305 4820 8)
320 4767 391 4814 Libro
406 4767 466 4814 xxi.
482 4779 503 4814 n.
517 4767 556 4814 xi.
