3622 5464
654 339 925 389 uouunnruuvns
948 341 986 388 ιι.
1021 369 1023 374 -
1440 325 1482 388 st

155 457 243 522 iuter
259 454 415 542 virginem
428 459 463 518 et
475 452 711 538 prostibulum?
725 453 813 534 Quae
829 453 1010 520 differentia
1024 453 1086 518 erit
1100 454 1184 520 inter
1200 454 1334 520 hiatrem
1346 454 1487 536 Domini,

154 565 187 624 et
210 556 301 644 quod
322 557 408 622 dictu
431 573 561 640 quoquc
582 551 683 622 soclus
704 563 771 639 est,
796 557 942 622 victimas
961 555 1133 622 libidinum
1156 555 1385 642 publicarunt
1400 556 1489 623 Idem

155 681 197 727 ne
221 662 283 726 erit
303 658 453 724 diabolus
478 665 510 723 et
528 658 681 724 Gabriel?
696 658 787 724 Idem
809 659 947 745 apostoli
968 666 1000 724 et
1020 658 1215 725 daemones?
1237 659 1327 728 Idem
1347 661 1490 745 propho-

156 771 209 830 tue
233 771 266 828 et
290 761 616 848 pseudoprophetae?
637 761 726 826 idern
748 768 905 847 martyres
928 768 960 826 et
980 762 1250 846 persequutores?
1276 764 1375 848 Finge
1400 764 1490 848 quod
1515 791 1518 798 ²

157 868 256 932 tibet:
279 877 379 956 anuos
395 871 588 948 attempero
609 863 756 948 duplico,
776 869 808 929 et
823 864 963 929 infinitas
979 871 1097 929 aetates
1117 882 1253 948 congere
1274 866 1488 947 cruciatibus;

159 971 185 1035 si
207 969 278 1033 finis
302 967 444 1032 omnium
468 965 578 1030 similis
597 972 662 1045 est,
689 961 897 1050 praeteritum
922 984 1018 1030 omne
1040 983 1100 1048 pro
1122 966 1222 1034 nihilo
1246 973 1312 1032 est:
1332 967 1490 1051 quianon

159 1072 357 1157 quaerimus,
382 1068 460 1152 quid
485 1066 658 1150 aliquando
683 1066 855 1148 fuerimus,
879 1067 934 1132 sed
958 1065 1037 1151 quid
1061 1086 1186 1151 semper
1213 1067 1313 1134 futuri
1341 1087 1485 1134 sumus.»

247 1174 288 1238 V.
308 1172 432 1253 Quare,
458 1189 498 1235 ne
525 1170 597 1252 quis
623 1168 726 1235 induci
754 1170 899 1234 suasione
924 1168 1040 1236 ductus
1067 1190 1084 1236 a
1108 1177 1194 1236 rectu
1221 1172 1343 1236 ratione
1372 1173 1492 1240 alienus

157 1274 233 1353 hot,
260 1273 370 1339 subdit
393 1269 468 1359 12):
496 1271 650 1336 «Scimus
677 1270 864 1337 clementem
890 1290 957 1337 esse
982 1273 1108 1352 Deum,
1137 1291 1195 1338 nec
1223 1273 1280 1358 qui
1304 1281 1491 1358 peccatores

156 1399 286 1462 sumus,
307 1380 495 1446 crudelitate
512 1379 598 1446 tibus
615 1379 830 1459 delectamur3
850 1379 906 1444 scd
922 1379 1058 1462 legimus
1077 1381 1116 1444 13
1127 1385 1148 1462 z)
1168 1383 1339 1444 Misericors
1352 1389 1383 1444 et
1396 1385 1492 1444 iustus

158 1489 319 1565 Dominus,
345 1495 374 1550 et
397 1487 478 1548 Deus
499 1493 598 1548 noster
619 1489 788 1548 miseretur.
811 1483 937 1548 lustitia
962 1485 1018 1548 Dei
1041 1482 1175 1549 vallatur
1198 1483 1435 1567 misericordia,
1459 1490 1492 1548 ot

157 1588 214 1654 tali
237 1588 278 1654 ad
304 1587 459 1654 iudicium
486 1585 661 1652 ambitione
683 1585 855 1670 procedit:
881 1586 928 1652 sic
950 1586 1054 1670 parcit
1075 1593 1112 1651 nt
1133 1585 1275 1670 iudicet,
1304 1587 1348 1653 sic
1371 1585 1492 1653 iudicat

161 1697 198 1755 ut
220 1691 417 1756 miserentur.
437 1691 647 1754 Misericordia
666 1696 696 1751 et
715 1691 825 1752 oscito
839 1691 1034 1754 obviaverunt
1053 1691 1126 1752 sibi:
1150 1692 1265 1753 iustitio
1278 1698 1309 1754 et
1318 1709 1388 1771 pcc
1402 1709 1490 1754 oscu-

162 1793 241 1856 latus
255 1800 326 1856 sont
338 1811 369 1855 re
389 1794 472 1872 14)·

505 2145 507 2152 ,
558 2039 958 2134 Tithonum
998 2040 1092 2134 tx.

205 2305 286 2366 Broc
312 2303 446 2366 consulto
470 2303 549 2378 rucio
568 2305 642 2381 poio
667 2301 801 2381 demost,
823 2303 935 2383 probat
956 2304 1087 2366 homines
1106 2307 1159 2383 poi
1179 2321 1196 2364 e
1216 2303 1280 2366 oitc
1302 2303 1451 2366 excedunt

335 2410 460 2485 peccato
479 2405 632 2486 obstricti,
653 2407 791 2466 conduco
810 2405 843 2468 iri
856 2422 969 2485 poesim
988 2406 1119 2468 madere
1137 2411 1312 2488 perpetitur.

253 2610 308 2674 28.
333 2611 612 2676 Dnuonsnnsrvo.
638 2611 842 2678 Ostendimus
859 2613 885 2676 1.
906 2612 1059 2678 rationem
1082 2613 1162 2678 nihil
1177 2611 1307 2678 absurdi
1327 2611 1362 2675 in
1379 2627 1418 2676 eo
1435 2608 1492 2675 de-

161 2711 382 2798 prehendere,
407 2713 745 2797 quodDeuslutasu
767 2715 905 2798 seleges
935 2718 1054 2782 sauciat
1082 2718 1195 2801 poenis
1224 2715 1387 2800 perpetuis
1419 2731 1493 2778 cum

162 2815 346 2900 privativis,
364 2822 433 2881 tum
450 2816 596 2901 positivis
613 2819 674 2896 15).
693 2817 895 2884 Ostendimus
910 2820 954 2884 11.
972 2838 1044 2884 curn
1060 2819 1185 2884 ratione
1201 2818 1283 2884 helle
1299 2833 1491 2899 congruere,

163 2917 253 3001 quod
276 2919 363 2985 Dens
386 2917 541 2982 eiusmodi
563 2919 676 3004 poenis
696 2919 783 3002 leges
805 2939 824 2984 a
846 2939 879 2984 se
901 2921 983 2985 latas
1004 2921 1171 2987 sanciverit
1193 2922 1253 2998 16).

252 3021 351 3105 Atqui
377 3025 537 3103 praeterea
564 3021 760 3087 ostendimus
788 3023 816 3085 1.
842 3023 997 3088 rationem
1024 3022 1103 3087 nihil
1128 3023 1162 3087 in
1189 3039 1228 3086 eo
1256 3016 1495 3104 deprehendere

166 3119 315 3204 absurdi,
340 3121 429 3206 quod
452 3124 538 3188 Deus
559 3123 869 3208 certumflquoddum
891 3125 1105 3209 praestituerit
1127 3131 1272 3209 tempus,
1298 3140 1364 3206 quo
1385 3121 1494 3204 elapso

167 3221 256 3287 nullo
277 3241 348 3307 spes
365 3213 487 3308 reliquo
505 3225 592 3290 foret
612 3224 857 3290 condonationis
878 3232 909 3290 et
934 3227 1131 3308 veniae17);
1153 3227 1196 3290 ΙΙ.
1215 3225 1295 3288 nihil
1318 3222 1436 3307 pariter
1462 3223 1495 3287 in

168 3341 208 3390 eo
232 3324 470 3408 deprehendere
486 3327 639 3410 absurdi,
661 3327 752 3412 quod
767 3327 854 3393 istud
869 3334 996 3412 tempus
1012 3347 1030 3392 a
1045 3330 1114 3393 Deo
1131 3319 1338 3416 praefinitum*
1353 3323 1496 3389 mortalis

144 3494 146 3504 ,
166 3427 248 3492 vitae
265 3427 420 3494 limitibus
440 3431 643 3495 contineatur
664 3432 730 3512 18);
751 3429 998 3514 atquetuudem
1013 3431 1074 3496 111.
1093 3449 1166 3496 cum
1184 3429 1348 3514 principiis
1364 3426 1497 3492 rationis

166 3548 365 3614 congruere,
393 3538 429 3597 ut
455 3533 610 3615 quisunt
634 3532 751 3598 limites
779 3534 953 3622 praesentis
974 3534 1074 3616 vitus,
1100 3533 1134 3598 hi
1157 3550 1288 3618 quoque
1311 3534 1497 3596 censeantur

165 3631 282 3698 limites
305 3634 546 3719 consequendae
568 3635 677 3699 veniae
696 3636 756 3716 19).

256 3737 343 3817 Ergo
366 3733 594 3802 demostratum
615 3742 721 3801 manet
735 3737 762 3800 1.
781 3735 871 3820 quod
893 3739 975 3803 ratio
997 3737 1077 3804 nihil
1097 3739 1130 3803 in
1151 3755 1190 3802 eo
1208 3733 1416 3820 deprehendit
1441 3732 1494 3798 ab·

166 3835 276 3916 surdi,
300 3837 391 3921 quod
415 3839 568 3904 contiuuo
590 3844 666 3922 post
684 3845 820 3904 mortem
832 3839 988 3904 homiues
1008 3847 1141 3924 peccato
1159 3839 1303 3905 obstricti
1323 3839 1355 3902 in
1377 3854 1497 3920 poenes

167 3935 311 4003 incidunt
331 3940 585 4024 perpetuas311.
613 3938 703 4023 qnod
727 3939 808 4006 bene
832 3959 906 4006 cum
927 3942 1050 4007 ratione
1075 3943 1241 4025 congruit,
1267 3947 1302 4005 ut
1327 3940 1382 4024 qui
1399 3938 1499 4004 evita

167 4038 327 4107 excedunt
349 4048 482 4127 peccato
503 4041 654 4124 obnoxii,
682 4043 795 4127 poeuis
817 4046 980 4127 perpetuis
1003 4046 1189 4128 puniantur.

261 4303 295 4360 tu)
309 4303 442 4352 comment.
454 4305 479 4352 tn
493 4313 545 4364 cap.
559 4305 599 4352 ur.
615 4307 692 4352 lonae.
957 4307 991 4360 vo)
1005 4306 1050 4352 tim
1064 4311 1098 4352 uu.
1112 4317 1178 4364 seqq.

227 4372 232 4381 '
262 4373 294 4431 ts)
309 4375 346 4421 Ρι.
360 4375 440 4422 cxlv.
454 4383 475 4421 s.
956 4378 987 4434 ι7)
1002 4377 1047 4422 tin.
1061 4384 1087 4433 o,
1103 4383 1135 4423 ιο.

263 4447 296 4500 ιι)
309 4445 347 4492 Pe.
361 4446 486 4493 mxiv.
503 4453 535 4492 ιι.
956 4447 989 4505 ιε)
1004 4448 1050 4493 tin.
1066 4454 1097 4494 ιι.
1115 4455 1146 4494 ts.

260 4517 294 4572 ιι)
308 4518 352 4563 ttn.
366 4523 453 4564 ιιι-ιι.
956 4519 989 4576 ιο)
1003 4520 1049 4566 tin.
1064 4525 1102 4576 ts,
1118 4526 1149 4566 ιι.
