3622 5464
292 279 335 342 to
702 294 745 342 na
766 293 998 342 menstruus
1019 293 1204 343 musanus

292 409 449 474 miseriam
473 409 647 474 incurrant.
666 407 750 473 Talis
769 410 854 474 enim
872 406 954 473 ordo
978 414 1012 472 ct
1032 427 1143 474 rerum
1166 409 1289 474 naturis
1314 408 1505 493 respondet,
1528 417 1625 494 atque

292 513 326 576 in
347 515 418 596 ipsa
439 511 595 576 manuali
618 517 732 576 natura
754 527 922 594 expressus
944 516 1089 596 apparet.
1233 585 1237 596 ¹

380 613 442 678 sed
463 631 536 678 cum
558 611 712 677 eiusmodi
732 610 863 693 ordine,
883 611 942 697 qni
961 613 1170 697 praestitutus
1184 616 1245 692 sit,
1272 613 1408 678 nectitur
1424 620 1456 678 et
1471 613 1624 679 cobaeret

292 735 471 802 poenarum
492 716 695 799 perpetuitas.
726 717 811 796 Ergo
829 713 911 780 bene
937 715 1083 781 consulta
1107 715 1188 780 ratio
1215 716 1355 800 probat,
1381 714 1472 799 quod
1493 715 1626 780 moralis

294 821 376 887 ordo
394 820 507 903 poeuis
528 817 691 900 perpetuis
707 817 879 882 muniatur.

229 993 233 1002 ,
382 924 436 987 ii.
455 923 610 998 Rursum,
630 919 740 1003 nequit
755 937 829 984 cum
846 921 970 985 ratione
985 937 1051 985 non
1066 936 1245 1002 congruere
1260 939 1298 986 ea
1312 919 1487 986 sanctionis
1500 920 1624 998 forma,

293 1043 359 1109 qua
381 1023 621 1089 convenientius
646 1019 834 1104 providetur
860 1021 979 1086 honori
1003 1021 1130 1100 divino,
1156 1028 1189 1086 et
1212 1022 1371 1088 humanae
1398 1023 1540 1087 actiones
1564 1041 1626 1105 pro
1661 1107 1668 1112 Ἰ

293 1147 351 1194 suu
371 1126 526 1208 dignitate
547 1123 717 1190 babeutur.
741 1122 802 1190 Sed
825 1122 953 1190 divinus
973 1123 1081 1190 bonor
1096 1130 1230 1207 peccato
1246 1123 1370 1192 infinita
1387 1123 1625 1208 propemodum

293 1229 443 1310 laeditur,
459 1235 492 1293 et
502 1227 668 1292 bominum
681 1233 812 1310 peccata
826 1225 984 1292 infinitam
998 1225 1236 1311 propemodum
1248 1228 1444 1294 contrahunt
1458 1227 1622 1294 malitiam.

383 1329 536 1398 Laeditur
557 1328 684 1394 diuinus
705 1327 812 1395 bonor
833 1327 1071 1412 propemodum
1094 1327 1237 1409 infinite,
1262 1329 1354 1412 quod
1373 1329 1582 1412 intelligitur,
1600 1330 1629 1394 ai

296 1439 458 1518 spectetur
472 1432 546 1496 binc
559 1430 620 1496 Dei
635 1429 760 1496 induite
776 1429 931 1516 dignitas,
948 1437 981 1496 et
994 1431 1043 1496 ius
1056 1429 1336 1514 perfectissimum,
1356 1450 1423 1516 quo
1439 1449 1458 1498 s
1474 1430 1630 1498 creaturis

296 1538 453 1603 honorem
476 1534 590 1616 erigit,
614 1530 689 1598 inde
712 1551 790 1598 vcro
809 1531 935 1598 induite
954 1531 1094 1598 hominis
1109 1533 1235 1614 vilitas,
1252 1539 1285 1598 ct
1299 1531 1442 1602 cilicium
1461 1531 1629 1618 perfectis·

297 1639 431 1716 simum‚
456 1653 522 1719 quo
548 1633 589 1699 ad
609 1635 709 1698 Deum
732 1632 959 1702 honorandum
979 1633 1151 1716 obligatur.
1174 1637 1277 1702 Porro
1298 1636 1422 1702 malitia
1446 1636 1567 1720 peccati
1589 1655 1627 1700 cx

297 1738 409 1806 iisdem
435 1737 574 1820 dimanat
596 1736 732 1817 muscis,
752 1735 904 1820 equibus
927 1737 1030 1802 oritur
1051 1737 1165 1804 iniuria
1179 1737 1261 1821 liei,
1279 1745 1311 1804 ct
1325 1739 1458 1806 iniuriae
1475 1739 1534 1804 ilci
1549 1757 1627 1822 pro·

299 1843 451 1927 portione
466 1839 650 1923 respondet.

388 1944 468 2008 Cum
492 1959 570 2026 ergo
591 1942 707 2006 iniuria
729 1941 786 2006 Dei
805 1941 854 2006 sit·
870 1939 1106 2026 propemodum
1128 1941 1270 2023 infinita,
1294 1943 1408 2010 infiniti
1433 1961 1565 2027 quoquc
1590 1943 1630 2008 li-

301 2045 393 2116 mites
410 2045 566 2128 attingere
583 2042 710 2108 ridetur
725 2042 842 2108 malitia
857 2044 991 2127 pcccati.
1013 2045 1097 2126 Ergo
1112 2045 1247 2124 sanctio,
1273 2064 1338 2130 qua
1353 2045 1408 2111 dat
1421 2047 1497 2112 satia
1513 2043 1630 2110 honori

301 2148 435 2228 diuino,
463 2153 495 2211 et
517 2164 581 2230 qua
606 2144 772 2210 hominum
795 2152 921 2229 peccata
946 2164 1005 2230 pro
1031 2146 1185 2230 dignitate
1205 2147 1406 2228 habeantur,
1431 2166 1558 2212 necesse
1581 2155 1630 2212 est
1680 2153 1688 2166 '

301 2249 342 2316 ad
362 2249 477 2314 infiniti
494 2247 632 2327 limites,
660 2245 771 2342 quoad
788 2246 940 2312 cinebert
961 2256 1087 2332 potest,
1105 2247 1254 2329 accedat,
1276 2247 1503 2334 infinitumque
1526 2251 1631 2334 ipsum

301 2351 412 2435 aliquo
435 2357 529 2434 pacto
553 2349 721 2433 exprimat.

318 2515 322 2522 .
391 2454 489 2538 Atqui
514 2451 666 2518 accedere
691 2452 802 2536 nequit
825 2451 868 2516 ad
887 2453 1004 2518 limites
1021 2453 1135 2519 infiniti
1155 2453 1326 2534 intensivi,
1346 2473 1451 2540 neque
1467 2453 1630 2520 infinitum

301 2557 495 2621 intensivum
510 2561 684 2636 utcumque
699 2555 885 2636 exprimere.
905 2557 987 2636 Ergo
1008 2573 1211 2639 summopere
1227 2558 1395 2640 convenit,
1421 2564 1458 2624 ut
1480 2557 1522 2622 ad
1543 2558 1630 2622 limi-

301 2667 350 2724 tes
373 2656 503 2722 acccdat
526 2655 642 2720 infiniti
665 2649 837 2736 extensivi,
865 2663 960 2739 atque
986 2655 1144 2722 inlinitum
1172 2659 1369 2726 extensivum
1399 2660 1633 2744 quadamtenus

301 2760 482 2830 adumbret.
968 2757 970 2762 ’

391 2861 450 2927 Sed
467 2860 666 2926 indefinitum
687 2858 768 2924 illud
790 2866 854 2942 est,
877 2859 966 2944 quod
987 2859 1147 2926 infinitum
1173 2863 1371 2928 extensivum
1392 2857 1580 2945 adumbrat,
1599 2871 1632 2928 ct

303 2966 419 3031 limites
439 2963 569 3044 attingit
587 2959 704 3027 induiti
729 2962 893 3027 extensiri.
923 2964 1007 3046 Ergo
1030 2982 1231 3048 summopere
1258 2966 1429 3048 convenit,
1455 2973 1491 3032 ut
1507 2965 1633 3032 divinae

301 3069 383 3151 legis
399 3067 531 3131 uiolatio
554 3065 666 3148 poenis
681 3064 852 3129 indefinitis
875 3071 973 3148 atquc
995 3066 1156 3152 perpetuis
1173 3067 1344 3132 sauciatur.

395 3172 447 3234 25.
475 3171 661 3248 Praeterea,
685 3169 787 3232 Deum
812 3169 943 3234 omnino
967 3166 1100 3234 dedecet
1127 3168 1283 3236 eiusmodi
1309 3171 1454 3254 sanctio,
1481 3190 1577 3256 quam
1601 3177 1636 3236 ct

305 3276 403 3340 bomo
422 3291 487 3336 nou
504 3270 625 3354 absque
644 3271 730 3335 omni
749 3270 839 3353 plane
854 3287 964 3336 caussa
977 3279 1182 3353 aspernetur,
1201 3279 1312 3356 etqua
1329 3274 1454 3358 posita,
1473 3280 1633 3358 perpetuo

305 3394 416 3440 rerum
433 3375 491 3449 sit,
511 3380 677 3457 peceatum
699 3390 764 3439 non
787 3372 933 3436 nocuisse
952 3374 1106 3455 peccanti.

394 3482 461 3558 Age
481 3476 561 3555 iam,
581 3481 612 3539 et
630 3493 734 3558 ponc,
760 3475 883 3538 nonnisi
902 3473 1000 3540 linitis
1019 3473 1189 3540 duratiou'c
1213 3478 1324 3558 poenis
1343 3480 1375 3544 in
1393 3483 1525 3564 peccata
1549 3477 1634 3542 divi-

306 3582 392 3644 nitus
410 3576 631 3668 animadverti.
652 3575 736 3655 Quid
758 3574 820 3640 erit
841 3576 1066 3661 consequens?
1089 3576 1127 3641 ld
1152 3578 1312 3663 principio
1335 3581 1395 3644 erit
1412 3587 1631 3664 consequens,

307 3699 371 3744 uon
385 3678 506 3761 absque
520 3677 608 3741 omni
620 3677 713 3760 plane
728 3696 836 3742 caussa
845 3678 885 3742 ab
899 3678 1028 3742 homine
1040 3675 1299 3761 sperni‘divinam
1312 3680 1630 3746 animadversionem.

396 3783 474 3846 Nam
498 3781 524 3844 si
544 3780 632 3844 finita
647 3781 726 3844 haec
744 3782 802 3862 sit,
823 3779 1080 3864 prae'indelinitn
1102 3781 1192 3865 quod
1213 3791 1377 3867 superest,
1399 3784 1508 3849 haberi
1527 3791 1633 3868 potest

307 3889 420 3971 puncti
440 3886 539 3950 instar
556 3903 630 3966 prae
647 3885 731 3948 linea
751 3883 916 3953 indefinite
938 3892 1135 3950 mosmale.
1154 3883 1310 3952 Videlicet
1330 3907 1397 3952 non
1421 3888 1558 3954 absurde
1580 3908 1634 3952 nc·

307 3990 386 4072 gligi
404 3993 522 4072 potest.
1587 4008 1591 4012 ·

321 4173 323 4178 Ι
395 4087 640 4171 Comparatione
655 4085 786 4154 reddam
799 4089 952 4156 illustrius
968 4089 1057 4174 quod
1073 4091 1187 4156 sentio.
1205 4093 1308 4158 blinor
1321 4099 1369 4158 est
1383 4093 1464 4160 ratio
1479 4088 1635 4178 temporis

290 4194 449 4272 ,cuiusvis
465 4192 547 4256 finiti
565 4191 605 4256 ad
623 4190 816 4257 indefinitam
834 4191 1057 4273 durationem,
1075 4213 1169 4278 quarn
1188 4196 1282 4260 unius
1298 4196 1445 4260 instantis
1462 4198 1634 4279 praesentis

308 4299 392 4361 vitae
408 4294 449 4358 ad
465 4312 620 4358 summam
638 4301 887 4377 momentorum,
906 4297 1025 4378 quibus
1041 4299 1182 4379 integrae
1197 4297 1280 4361 vitae
1295 4297 1422 4363 duratio
1438 4299 1630 4363 continetur.

308 4399 387 4461 iisne
411 4395 570 4478 posterior
596 4395 670 4460 baec
692 4398 774 4460 ratio
795 4403 843 4462 est
860 4395 985 4462 linitum
1000 4399 1083 4464 inter
1100 4406 1132 4464 et
1145 4398 1292 4480 linitum,
1310 4407 1342 4464 at
1358 4401 1449 4484 prior
1465 4400 1518 4465 illa
1537 4401 1635 4464 initur

308 4498 432 4562 linitum
458 4500 541 4562 iuter
559 4505 591 4562 ct
607 4496 820 4563 indefinitum.
840 4499 939 4582 Atqui
961 4499 1088 4565 delicati
1113 4487 1265 4583 prorsus,
1292 4519 1329 4565 ac
1352 4501 1452 4566 ferme
1469 4502 1635 4567 muliebris

309 4600 404 4664 animi
420 4608 501 4664 esset
517 4599 693 4665 admodum
710 4619 749 4664 ea
761 4618 868 4684 poena
882 4602 1096 4681 commoveri,
1112 4620 1195 4684 quae
1210 4604 1337 4667 nonnisi
1350 4603 1445 4668 unico
1462 4605 1655 4689 praesentis,

308 4700 392 4764 vitae
404 4702 536 4766 instanti
553 4701 725 4781 duratura,
743 4703 808 4768 vim
825 4702 959 4770 haberet
974 4704 1093 4770 unllam
1109 4723 1169 4789 pro
1186 4705 1311 4789 reliquo
1328 4705 1409 4772 ritae
1422 4724 1529 4772 cursu.
1550 4707 1634 4789 Ergo
