3622 5464
627 353 638 368 ·
653 339 919 390 COMMENTARIUS
941 343 967 390 1.

540 569 954 678 ¹rtjtnorsnma
992 575 1066 667 ιι.
1098 515 1100 524 1

151 841 318 901 Poenorum
343 836 504 898 aeternitas
524 839 561 897 iis
586 833 717 914 efficitur
739 812 935 917 tesdmorr‘ds,
962 837 1071 917 paitru
1095 837 1215 900 caedem
1235 839 1403 904 duraturae
1425 841 1477 903 di·
1558 913 1562 924 ι

235 945 343 1002 cuntur
364 941 397 1002 ic
419 939 539 1000 soeculo
565 938 763 1000 sumerem.

240 1182 293 1245 13.
318 1181 598 1246 Dnuonsrnarro.
620 1179 754 1244 Duratio
776 1167 970 1262 poenarum,
988 1198 1071 1264 quae
1084 1181 1235 1248 scelestos
1251 1187 1402 1261 manent,
1419 1181 1480 1248 hac
1518 1195 1522 1202 '

149 1280 328 1367 periphrasi
350 1299 369 1345 a
391 1281 534 1347 Iohanne
559 1282 707 1365 apostolo
724 1266 920 1348 describitur
943 1283 977 1348 in
999 1283 1194 1370 Apocalypsi
1216 1286 1287 1366 27):
1316 1287 1359 1349 Et
1373 1285 1482 1365 scmus

149 1389 480 1450 emolumentorum
500 1386 636 1448 ascendet
655 1385 822 1448 insaecula
841 1388 1036 1468 soeculorum,
1063 1388 1102 1455 νὶς
1125 1389 1223 1456 αἰῶνας
1250 1373 1364 1454 sidroc.
1386 1389 1427 1452 Et
1446 1389 1481 1452 in

151 1486 265 1553 eodem
287 1484 373 1551 libro
397 1487 467 1565 18);
492 1489 535 1551 Et
551 1487 658 1566 sumus
679 1492 743 1550 eius
771 1490 905 1552 ascendit
927 1491 960 1552 in
982 1493 1101 1554 soeculo
1123 1493 1323 1573 soeculorum,
1352 1492 1390 1559 cir
1416 1490 1481 1557 τούς

153 1592 251 1658 αἰῶνας
273 1593 324 1649 τῶν
349 1589 464 1652 αἰώνων.
492 1590 532 1654 111
552 1607 680 1654 rursum
706 1590 778 1670 uel:
808 1592 1029 1655 cruciabuntur
1055 1595 1104 1656 die
1130 1613 1166 1656 ac
1194 1602 1276 1658 necte
1305 1587 1482 1658 insaecula

152 1694 353 1773 omentorum,
383 1694 419 1762 sir
442 1691 505 1759 retr
530 1694 629 1760 αἰῶνας
653 1696 704 1754 τῶν
728 1693 842 1755 αἰώνων.
868 1692 930 1758 Sed
953 1701 1086 1760 numero
1107 1695 1211 1780 plura,
1236 1695 1412 1780 eadamque
1433 1695 1481 1761 ei·

152 1792 339 1862 fimcissima
364 1802 439 1861 aunt
459 1801 662 1879 argumenta,
687 1794 805 1879 quibus
827 1795 1046 1878 convincitur,
1070 1798 1309 1881 periphrasin:
1333 1797 1397 1866 τοὺς
1419 1799 1484 1858 «ὶῶ-

41 1947 47 1962 .
155 1925 201 1968 νας
227 1902 278 1960 τῶν
301 1900 401 1960 αἰώνων
431 1899 631 1965 durationem
657 1898 819 1981 describi,
845 1917 928 1984 quae
955 1898 1020 1964 fine
1045 1907 1173 1982 careat,
1198 1901 1351 1987 nulloque
1380 1902 1482 1972 limite

153 2001 374 2076 concludatur.

242 2105 449 2172 Convincitur
464 2105 492 2170 1.
506 2102 615 2169 indole
636 2104 706 2188 ipsa
719 2103 911 2188 periphrasis
926 2121 1053 2170 omnem
1069 2104 1292 2172 limitationem
1312 2105 1483 2173 excluden-

152 2211 211 2292 tis,
232 2206 497 2294 quandoquidem
514 2205 689 2291 duplicatio
706 2205 848 2273 eiusdem
866 2207 1015 2288 nominis,
1033 2226 1098 2292 qna
1114 2197 1420 2292 constat‚‘indicium
1443 2211 1485 2276 sit

153 2311 424 2380 evidentissimum
439 2308 556 2392 gradus
575 2309 771 2394 superlativi.
796 2308 886 2376 Unde
904 2309 1044 2376 Glasaius
1066 2312 1117 2392 30)
1139 2310 1227 2382 hunc
1254 2315 1363 2378 statuit
1383 2330 1484 2378 cauo·

153 2416 306 2496 remilla
326 2441 339 2469 ι
360 2412 591 2498 superlativum
607 2411 713 2478 efferri
728 2431 786 2497 per
802 2413 1034 2479 substantivum
1046 2415 1081 2478 in
1096 2415 1236 2498 genitivo
1254 2435 1329 2482 casu
1345 2417 1484 2502 seipsum

155 2560 282 2627 regens.
307 2541 409 2608 Exod.
432 2542 546 2609 XXVI.
572 2543 627 2607 33:
652 2544 695 2606 Et
708 2543 822 2607 dividet
843 2545 942 2608 cetum
965 2548 1045 2608 inter
1068 2551 1267 2626 iamdictam,
1296 2535 1379 2642 ttt'jp
1406 2547 1481 2638 ligi

155 2663 314 2770 ῦῖψῖξζ)
332 2680 363 2738 at
377 2679 456 2738 inter
469 2679 653 2740 comitatem
662 2676 865 2754 aeneatorum,
881 2673 946 2740 hoc
962 2679 1025 2757 est,
1043 2676 1283 2743 sanctissimum.
1296 2678 1336 2741 N.
1352 2676 1413 2742 111.
1426 2677 1481 2742 ³2.
1556 2713 1557 2718 ν

156 2778 236 2885 ’litt
266 2793 376 2899 11311111
408 2794 520 2898 &titii
545 2811 577 2868 et
595 2805 735 2886 prinecps
751 2789 926 2887 princepum
948 2807 1031 2880 Levi,
1054 2809 1189 2872 Ekcecr
1200 2808 1290 2888 filius
1310 2810 1422 2887 Acron,
1449 2804 1486 2872 id

153 2927 215 3005 eet,
236 2939 379 2987 summus
403 2921 553 3006 princeps
578 2917 701 2984 ordinis
722 2917 853 2984 levitici.
879 2920 907 2984 Ι.
934 2919 1015 2985 Tim.
1037 2923 1093 2986 vt.
1117 2925 1170 2986 15.
1199 2925 1285 2987 Deus
1307 2928 1441 2988 vocetur
1467 2925 1485 2984 t

154 3025 279 3104 puericie
298 3029 350 3086 τῶν
372 3023 585 3107 βασιλευόντων,
604 3022 648 3084 καὶ
670 3024 764 3102 κύριος
788 3027 838 3082 τῶν
863 3028 1057 3102 κυριιυὸιντων,
1079 3026 1183 3110 Αροο.
1209 3025 1236 3089 Ι.
1261 3026 1299 3090 6:
1324 3027 1391 3108 Ipsi
1411 3027 1483 3105 910..

157 3133 205 3192 ria
220 3136 251 3191 ei
265 3131 358 3192 robii?
376 3129 414 3196 ric
429 3126 494 3194 τοὺς
511 3127 609 3194 αἰὧνας
625 3131 675 3187 τῶν
694 3126 815 3202 αἰώνων..
827 3127 929 3212 Capp.
947 3129 1050 3192 XVII.
1069 3127 1274 3209 14,61Χ[Χ.
1295 3128 1348 3192 16.
1368 3144 1482 3210 agnus,

156 3247 214 3294 scu
229 3229 373 3296 Christus
388 3237 524 3296 vocatur
549 3230 645 3311 κύριος
670 3232 772 3311 κυρίων
795 3231 840 3290 καὶ
864 3230 990 3312 peculiis
1014 3235 1161 3312 percitos.
1183 3229 1270 3310 Quae
1287 3229 1484 3296 constructio

156 3348 225 3398 non
247 3329 328 3397 adeo
350 3332 561 3417 scriptoribus
580 3334 674 3401 sacris
693 3335 827 3419 propria
850 3340 910 3419 est,
934 3341 970 3400 nt
990 3335 1076 3400 nulla
1096 3335 1163 3400 eius
1185 3332 1330 3417 exempla
1349 3333 1382 3397 in
1402 3345 1484 3417 pro·

157 3433 239 3500 lanis
256 3451 388 3519 quoque
404 3436 591 3504 auctoribus
613 3438 815 3523 reperiantur
840 3439 904 3520 31).
935 3465 949 3494 ν

245 3525 455 3604 convincitur
471 3541 514 3604 11.
533 3559 579 3606 ea
599 3540 818 3627 oppositione,
843 3558 925 3625 quae
942 3539 1117 3606 instituitur
1137 3540 1221 3604 inter
1243 3539 1410 3604 mittentem
1434 3555 1486 3602 ra-

158 3637 215 3721 gni
233 3645 414 3706 sanctorum
435 3648 468 3707 et
489 3645 609 3707 sacculo
629 3645 835 3725 omentorum,
858 3660 941 3727 quae
964 3641 1149 3707 tribuuntur
1168 3641 1317 3726 praemiis
1337 3641 1424 3705 iuxta
1448 3657 1486 3705 ac

158 3740 272 3826 poenis
293 3748 369 3826 post
392 3743 544 3810 iudicium
562 3741 631 3833 33).

248 3843 455 3912 Convincitur
474 3848 535 3914 III.
562 3848 590 3913 si
610 3847 793 3914 attendatur
818 3845 860 3912 ad
883 3847 1068 3913 vaticinium
1095 3846 1218 3929 Isaiae,
1246 3864 1264 3910 e
1289 3863 1355 3928 quo
1387 3843 1485 3913 verba

157 3943 286 4013 divinae
309 3947 541 4034 apocalypseos
557 3954 670 4016 auctor
691 3953 867 4014 mutuatur.
884 3948 1045 4015 Praadtcit
1062 3949 1159 4014 Isaiae
1179 3949 1231 4028 at)
1251 3948 1310 4013 Dei
1327 3949 1362 4012 in
1376 3964 1487 4012 omnes

158 4053 286 4134 genta,
298 4055 402 4135 atque
421 4049 457 4116 in
472 4050 655 4118 Idumaeam
677 4051 878 4135 potissimum
897 4049 1064 4134 ultionem,
1090 4049 1242 4135 illamque
1256 4049 1302 4114 ita
1321 4047 1485 4133 depingit3
1569 4081 1571 4088 ·

159 4150 200 4213 Et
221 4159 427 4217 convertentur
449 4161 591 4217 torrentes
611 4159 674 4218 cius
688 4156 721 4217 irs
742 4159 850 4234 picam
882 4160 913 4217 et
934 4155 1042 4218 tumus
1067 4155 1132 4217 eius
1152 4158 1185 4217 iu
1210 4152 1351 4234 mittar,
1377 4156 1407 4214 et
1429 4155 1490 4214 erit

246 4323 281 4379 11)
294 4324 367 4382 apoc.
384 4325 446 4372 xlv.
467 4332 497 4371 ll.
850 4325 946 4382 muudi,
970 4324 1066 4385 Domini
1083 4323 1159 4369 nostri
1179 4327 1201 4368 ct
1219 4321 1308 4368 Christi
1326 4320 1390 4374 eiua,
1411 4324 1433 4365 ct
1451 4332 1488 4364 ra·

249 4393 283 4448 ²⁸)
296 4395 370 4452 Aput.
383 4397 445 4444 xlx.
461 4404 483 4444 3.
849 4397 931 4454 puniit
940 4397 967 4441 in
973 4395 1068 4441 merula
1076 4395 1231 4441 ramulorum.
1242 4392 1299 4438 lltld.
1308 4393 1358 4438 1111.-
1367 4397 1399 4437 lo.
1406 4390 1488 4436 Bestia

249 4463 283 4519 ²⁹)
296 4464 357 4511 lbld.
374 4467 425 4514 1111.
446 4475 479 4514 10.
850 4472 873 4514 et
884 4463 1086 4526 pseudopropheta
1100 4466 1271 4512 minatur
1286 4463 1313 4510 in
1327 4462 1420 4508 mecla
1434 4475 1487 4508 ace-

249 4534 285 4586 ³0)
297 4535 369 4582 ttnro
383 4539 403 4584 1.
419 4540 523 4587 amictu
539 4542 557 4586 1.
850 4540 965 4586 mierum
983 4539 1042 4586 coll.
1060 4540 1119 4584 Dan.
1139 4538 1188 4584 Vll.
1207 4543 1239 4582 13·
1260 4534 1390 4593 Smcipiertt
1407 4536 1488 4579 cutem

248 4603 401 4660 ³¹)1tumaro
414 4611 477 4659 xvt.
849 4623 948 4668 ceperum
966 4609 1042 4670 sancti
1054 4609 1101 4655 Dei
1117 4606 1240 4664 attactui,
1258 4610 1280 4651 et
1299 4605 1434 4651 ottimlunt
1448 4617 1488 4649 re·
1567 4631 1571 4638 -

248 4677 286 4731 aa)
298 4677 439 4729 contuetur
456 4685 566 4731 voratus
583 4685 608 4730 ln
626 4665 714 4730 ruint.
730 4684 796 4730 sacr.
849 4695 922 4740 pnrcm
943 4693 1016 4740 capue
1037 4677 1390 4735 intercolumniorum
1406 4687 1488 4722 mecu-

160 4754 214 4803 m
231 4752 284 4878 ῃνζ)
297 4821 798 4883 apoc.xt.1ssnaercmmre9mmcctcs
850 4753 974 4882 lomitt)
987 4826 1018 4871 la.
1034 4823 1139 4870 xxxiv.
1157 4828 1218 4868 a-ll.
