<?xml version="1.0" encoding="UTF-8"?>
<!DOCTYPE html PUBLIC "-//W3C//DTD XHTML 1.0 Transitional//EN"
    "http://www.w3.org/TR/xhtml1/DTD/xhtml1-transitional.dtd">
<html xmlns="http://www.w3.org/1999/xhtml" xml:lang="en" lang="en">
 <head>
  <title>
</title>
<meta http-equiv="Content-Type" content="text/html;charset=utf-8" />
  <meta name='ocr-system' content='tesseract 3.04.00' />
  <meta name='ocr-capabilities' content='ocr_page ocr_carea ocr_par ocr_line ocrx_word'/>
</head>
<body>
  <div class='ocr_page' id='page_1' title='image "./carolipassaglia00passgoog_0053.png"; bbox 0 0 3622 5464; ppageno 0'>
   <div class='ocr_carea' id='block_1_1' title="bbox 825 345 1141 396">
    <p class='ocr_par' dir='ltr' id='par_1_1' title="bbox 825 345 1141 396">
     <span class='ocr_line' id='line_1_1' title="bbox 825 345 1141 396; baseline 0.006 -4"><span class='ocrx_word' id='word_1_1' title='bbox 825 345 867 392; x_wconf 74' lang='lat' dir='ltr'><strong>nh</strong></span> <span class='ocrx_word' id='word_1_2' title='bbox 890 347 972 396; x_wconf 73' lang='lat' dir='ltr'><strong>lulis</strong></span> <span class='ocrx_word' id='word_1_3' title='bbox 994 347 1141 396; x_wconf 72' lang='lat' dir='ltr'><strong>larnano</strong></span> 
     </span>
    </p>
   </div>
   <div class='ocr_carea' id='block_1_2' title="bbox 778 567 1190 646">
    <p class='ocr_par' dir='ltr' id='par_1_2' title="bbox 778 567 1190 646">
     <span class='ocr_line' id='line_1_2' title="bbox 778 567 1190 646; baseline -0.015 -7"><span class='ocrx_word' id='word_1_4' title='bbox 778 633 780 646; x_wconf 88' lang='grc'>,</span> <span class='ocrx_word' id='word_1_5' title='bbox 839 567 1043 638; x_wconf 66' lang='lat' dir='ltr'><strong>immuta</strong></span> <span class='ocrx_word' id='word_1_6' title='bbox 1078 567 1117 634; x_wconf 88' lang='lat' dir='ltr'><strong>V.</strong></span> <span class='ocrx_word' id='word_1_7' title='bbox 1186 636 1190 644; x_wconf 74' lang='grc'>,</span> 
     </span>
    </p>
   </div>
   <div class='ocr_carea' id='block_1_3' title="bbox 285 774 1655 2304">
    <p class='ocr_par' dir='ltr' id='par_1_3' title="bbox 285 774 1655 1474">
     <span class='ocr_line' id='line_1_3' title="bbox 408 774 1655 860; baseline 0.001 -18"><span class='ocrx_word' id='word_1_8' title='bbox 408 781 439 842; x_wconf 86' lang='grc'><strong>5.</strong></span> <span class='ocrx_word' id='word_1_9' title='bbox 466 774 628 842; x_wconf 85' lang='lat' dir='ltr'><strong>Eiusmodi</strong></span> <span class='ocrx_word' id='word_1_10' title='bbox 656 793 756 860; x_wconf 90' lang='lat' dir='ltr'><strong>porro</strong></span> <span class='ocrx_word' id='word_1_11' title='bbox 781 780 1007 858; x_wconf 78' lang='lat' dir='ltr'><strong>argumentum</strong></span> <span class='ocrx_word' id='word_1_12' title='bbox 1034 794 1100 842; x_wconf 93' lang='lat' dir='ltr'><strong>non</strong></span> <span class='ocrx_word' id='word_1_13' title='bbox 1130 782 1199 856; x_wconf 91' lang='lat' dir='ltr'><strong>est,</strong></span> <span class='ocrx_word' id='word_1_14' title='bbox 1228 775 1317 860; x_wconf 85' lang='lat' dir='ltr'><strong>quod</strong></span> <span class='ocrx_word' id='word_1_15' title='bbox 1342 775 1426 840; x_wconf 83' lang='lat' dir='ltr'><strong>torte</strong></span> <span class='ocrx_word' id='word_1_16' title='bbox 1451 778 1585 860; x_wconf 79' lang='lat' dir='ltr'><strong>quises</strong></span> <span class='ocrx_word' id='word_1_17' title='bbox 1610 778 1655 844; x_wconf 89' lang='lat' dir='ltr'><strong>iis·</strong></span> 
     </span>
     <span class='ocr_line' id='line_1_4' title="bbox 315 875 1649 966; baseline -0.001 -19"><span class='ocrx_word' id='word_1_18' title='bbox 315 887 454 966; x_wconf 88' lang='lat' dir='ltr'><strong>peteret,</strong></span> <span class='ocrx_word' id='word_1_19' title='bbox 480 897 562 963; x_wconf 91' lang='lat' dir='ltr'><strong>quae</strong></span> <span class='ocrx_word' id='word_1_20' title='bbox 583 877 697 944; x_wconf 89' lang='lat' dir='ltr'><strong>eodem</strong></span> <span class='ocrx_word' id='word_1_21' title='bbox 722 875 824 961; x_wconf 91' lang='lat' dir='ltr'><strong>capite</strong></span> <span class='ocrx_word' id='word_1_22' title='bbox 839 895 857 941; x_wconf 92' lang='lat' dir='ltr'><strong>a</strong></span> <span class='ocrx_word' id='word_1_23' title='bbox 875 883 1036 942; x_wconf 87' lang='lat' dir='ltr'><strong>commate</strong></span> <span class='ocrx_word' id='word_1_24' title='bbox 1055 877 1159 963; x_wconf 88' lang='lat' dir='ltr'><strong>primo</strong></span> <span class='ocrx_word' id='word_1_25' title='bbox 1181 877 1222 944; x_wconf 90' lang='lat' dir='ltr'><strong>ad</strong></span> <span class='ocrx_word' id='word_1_26' title='bbox 1241 895 1342 962; x_wconf 86' lang='lat' dir='ltr'><strong>usque</strong></span> <span class='ocrx_word' id='word_1_27' title='bbox 1360 880 1559 961; x_wconf 79' lang='lat' dir='ltr'><strong>trigesimum</strong></span> <span class='ocrx_word' id='word_1_28' title='bbox 1581 884 1649 964; x_wconf 92' lang='lat' dir='ltr'><strong>pri-</strong></span> 
     </span>
     <span class='ocr_line' id='line_1_5' title="bbox 314 980 1649 1066; baseline -0.004 -13"><span class='ocrx_word' id='word_1_29' title='bbox 314 1005 403 1054; x_wconf 92' lang='lat' dir='ltr'><strong>mum</strong></span> <span class='ocrx_word' id='word_1_30' title='bbox 427 985 643 1051; x_wconf 88' lang='lat' dir='ltr'><strong>continentur.</strong></span> <span class='ocrx_word' id='word_1_31' title='bbox 662 981 817 1047; x_wconf 82' lang='lat' dir='ltr'>Videlicet</span> <span class='ocrx_word' id='word_1_32' title='bbox 838 998 857 1045; x_wconf 89' lang='lat' dir='ltr'><strong>a</strong></span> <span class='ocrx_word' id='word_1_33' title='bbox 877 987 1036 1046; x_wconf 88' lang='lat' dir='ltr'><strong>commate</strong></span> <span class='ocrx_word' id='word_1_34' title='bbox 1055 984 1160 1065; x_wconf 91' lang='lat' dir='ltr'><strong>primo</strong></span> <span class='ocrx_word' id='word_1_35' title='bbox 1182 980 1225 1045; x_wconf 87' lang='lat' dir='ltr'><strong>ad</strong></span> <span class='ocrx_word' id='word_1_36' title='bbox 1245 981 1402 1048; x_wconf 89' lang='lat' dir='ltr'><strong>decimum</strong></span> <span class='ocrx_word' id='word_1_37' title='bbox 1421 990 1573 1065; x_wconf 88' lang='lat' dir='ltr'><strong>quartum</strong></span> <span class='ocrx_word' id='word_1_38' title='bbox 1591 1003 1649 1066; x_wconf 91' lang='lat' dir='ltr'><strong>pa-</strong></span> 
     </span>
     <span class='ocr_line' id='line_1_6' title="bbox 316 1083 1649 1170; baseline -0.001 -16"><span class='ocrx_word' id='word_1_39' title='bbox 316 1089 428 1154; x_wconf 90' lang='lat' dir='ltr'><strong>rahola</strong></span> <span class='ocrx_word' id='word_1_40' title='bbox 449 1087 489 1153; x_wconf 94' lang='lat' dir='ltr'><strong>de</strong></span> <span class='ocrx_word' id='word_1_41' title='bbox 509 1085 707 1170; x_wconf 80' lang='lat' dir='ltr'><strong>virginibus,</strong></span> <span class='ocrx_word' id='word_1_42' title='bbox 729 1102 749 1150; x_wconf 92' lang='lat' dir='ltr'><strong>a</strong></span> <span class='ocrx_word' id='word_1_43' title='bbox 767 1083 894 1152; x_wconf 88' lang='lat' dir='ltr'><strong>decimo</strong></span> <span class='ocrx_word' id='word_1_44' title='bbox 917 1090 1034 1166; x_wconf 86' lang='lat' dir='ltr'><strong>quarto</strong></span> <span class='ocrx_word' id='word_1_45' title='bbox 1052 1083 1093 1149; x_wconf 91' lang='lat' dir='ltr'><strong>ad</strong></span> <span class='ocrx_word' id='word_1_46' title='bbox 1113 1084 1312 1167; x_wconf 86' lang='lat' dir='ltr'><strong>trigesimam</strong></span> <span class='ocrx_word' id='word_1_47' title='bbox 1332 1087 1473 1170; x_wconf 89' lang='lat' dir='ltr'><strong>primurn</strong></span> <span class='ocrx_word' id='word_1_48' title='bbox 1493 1087 1649 1170; x_wconf 89' lang='lat' dir='ltr'><strong>parabola</strong></span> 
     </span>
     <span class='ocr_line' id='line_1_7' title="bbox 285 1181 1648 1271; baseline -0.003 -14"><span class='ocrx_word' id='word_1_49' title='bbox 285 1181 287 1190; x_wconf 78' lang='grc'><strong>’</strong></span> <span class='ocrx_word' id='word_1_50' title='bbox 314 1198 462 1257; x_wconf 80' lang='lat' dir='ltr'><strong>narratur</strong></span> <span class='ocrx_word' id='word_1_51' title='bbox 479 1189 519 1254; x_wconf 89' lang='lat' dir='ltr'><strong>de</strong></span> <span class='ocrx_word' id='word_1_52' title='bbox 535 1188 663 1254; x_wconf 87' lang='lat' dir='ltr'><strong>talentis</strong></span> <span class='ocrx_word' id='word_1_53' title='bbox 679 1185 870 1252; x_wconf 75' lang='lat' dir='ltr'><strong>distributis.</strong></span> <span class='ocrx_word' id='word_1_54' title='bbox 891 1190 933 1250; x_wconf 71' lang='lat' dir='ltr'><strong>,tt</strong></span> <span class='ocrx_word' id='word_1_55' title='bbox 949 1203 1027 1268; x_wconf 84' lang='lat' dir='ltr'><strong>ergo</strong></span> <span class='ocrx_word' id='word_1_56' title='bbox 1044 1204 1084 1251; x_wconf 92' lang='lat' dir='ltr'><strong>ne</strong></span> <span class='ocrx_word' id='word_1_57' title='bbox 1100 1185 1281 1269; x_wconf 75' lang='lat' dir='ltr'><strong>parabolica</strong></span> <span class='ocrx_word' id='word_1_58' title='bbox 1298 1204 1429 1271; x_wconf 85' lang='lat' dir='ltr'><strong>quoque</strong></span> <span class='ocrx_word' id='word_1_59' title='bbox 1446 1189 1507 1253; x_wconf 87' lang='lat' dir='ltr'><strong>erit</strong></span> <span class='ocrx_word' id='word_1_60' title='bbox 1524 1189 1648 1270; x_wconf 92' lang='lat' dir='ltr'><strong>oratio,</strong></span> 
     </span>
     <span class='ocr_line' id='line_1_8' title="bbox 315 1287 1650 1383; baseline -0.003 -21"><span class='ocrx_word' id='word_1_61' title='bbox 315 1316 397 1383; x_wconf 85' lang='lat' dir='ltr'><strong>quae</strong></span> <span class='ocrx_word' id='word_1_62' title='bbox 418 1298 612 1361; x_wconf 80' lang='lat' dir='ltr'><strong>scommate</strong></span> <span class='ocrx_word' id='word_1_63' title='bbox 635 1290 799 1372; x_wconf 80' lang='lat' dir='ltr'><strong>trigesimo</strong></span> <span class='ocrx_word' id='word_1_64' title='bbox 820 1288 926 1373; x_wconf 93' lang='lat' dir='ltr'><strong>primo</strong></span> <span class='ocrx_word' id='word_1_65' title='bbox 945 1287 988 1353; x_wconf 90' lang='lat' dir='ltr'><strong>ad</strong></span> <span class='ocrx_word' id='word_1_66' title='bbox 1007 1290 1125 1354; x_wconf 88' lang='lat' dir='ltr'><strong>calcem</strong></span> <span class='ocrx_word' id='word_1_67' title='bbox 1146 1307 1248 1373; x_wconf 89' lang='lat' dir='ltr'><strong>usque</strong></span> <span class='ocrx_word' id='word_1_68' title='bbox 1270 1290 1384 1372; x_wconf 86' lang='lat' dir='ltr'><strong>capitis</strong></span> <span class='ocrx_word' id='word_1_69' title='bbox 1407 1292 1570 1356; x_wconf 78' lang='lat' dir='ltr'><strong>excurrit?</strong></span> <span class='ocrx_word' id='word_1_70' title='bbox 1586 1292 1650 1373; x_wconf 85' lang='lat' dir='ltr'><strong>Qui</strong></span> 
     </span>
     <span class='ocr_line' id='line_1_9' title="bbox 314 1390 1166 1474; baseline -0.013 -7"><span class='ocrx_word' id='word_1_71' title='bbox 314 1404 359 1467; x_wconf 89' lang='lat' dir='ltr'><strong>ita</strong></span> <span class='ocrx_word' id='word_1_72' title='bbox 378 1395 604 1474; x_wconf 82' lang='lat' dir='ltr'><strong>concluderet,</strong></span> <span class='ocrx_word' id='word_1_73' title='bbox 628 1395 662 1459; x_wconf 93' lang='lat' dir='ltr'><strong>in</strong></span> <span class='ocrx_word' id='word_1_74' title='bbox 684 1411 719 1456; x_wconf 88' lang='lat' dir='ltr'><strong>rc</strong></span> <span class='ocrx_word' id='word_1_75' title='bbox 745 1391 836 1473; x_wconf 84' lang='lat' dir='ltr'><strong>gravi</strong></span> <span class='ocrx_word' id='word_1_76' title='bbox 861 1390 972 1456; x_wconf 91' lang='lat' dir='ltr'><strong>ludere</strong></span> <span class='ocrx_word' id='word_1_77' title='bbox 996 1391 1166 1456; x_wconf 78' lang='lat' dir='ltr'><strong>rideretur.</strong></span> 
     </span>
    </p>

    <p class='ocr_par' dir='ltr' id='par_1_4' title="bbox 313 1493 1650 2304">
     <span class='ocr_line' id='line_1_10' title="bbox 402 1493 1650 1582; baseline -0.006 -17"><span class='ocrx_word' id='word_1_78' title='bbox 402 1503 490 1582; x_wconf 85' lang='lat' dir='ltr'><strong>Ergo</strong></span> <span class='ocrx_word' id='word_1_79' title='bbox 515 1496 606 1581; x_wconf 86' lang='lat' dir='ltr'><strong>quod</strong></span> <span class='ocrx_word' id='word_1_80' title='bbox 623 1494 812 1580; x_wconf 84' lang='lat' dir='ltr'><strong>parabolica</strong></span> <span class='ocrx_word' id='word_1_81' title='bbox 832 1495 874 1558; x_wconf 93' lang='lat' dir='ltr'><strong>sit</strong></span> <span class='ocrx_word' id='word_1_82' title='bbox 895 1495 999 1558; x_wconf 90' lang='lat' dir='ltr'><strong>oratio</strong></span> <span class='ocrx_word' id='word_1_83' title='bbox 1021 1493 1063 1558; x_wconf 90' lang='lat' dir='ltr'><strong>ad</strong></span> <span class='ocrx_word' id='word_1_84' title='bbox 1084 1512 1210 1559; x_wconf 88' lang='lat' dir='ltr'><strong>comma</strong></span> <span class='ocrx_word' id='word_1_85' title='bbox 1231 1511 1332 1578; x_wconf 89' lang='lat' dir='ltr'><strong>usque</strong></span> <span class='ocrx_word' id='word_1_86' title='bbox 1352 1495 1551 1577; x_wconf 81' lang='lat' dir='ltr'><strong>trigesimum</strong></span> <span class='ocrx_word' id='word_1_87' title='bbox 1577 1497 1650 1578; x_wconf 89' lang='lat' dir='ltr'><strong>pri·</strong></span> 
     </span>
     <span class='ocr_line' id='line_1_11' title="bbox 315 1596 1649 1685; baseline -0.007 -13"><span class='ocrx_word' id='word_1_88' title='bbox 315 1623 427 1685; x_wconf 90' lang='lat' dir='ltr'><strong>mum,</strong></span> <span class='ocrx_word' id='word_1_89' title='bbox 455 1609 488 1668; x_wconf 94' lang='lat' dir='ltr'><strong>et</strong></span> <span class='ocrx_word' id='word_1_90' title='bbox 514 1599 658 1666; x_wconf 90' lang='lat' dir='ltr'><strong>materies</strong></span> <span class='ocrx_word' id='word_1_91' title='bbox 682 1604 715 1663; x_wconf 94' lang='lat' dir='ltr'><strong>et</strong></span> <span class='ocrx_word' id='word_1_92' title='bbox 738 1597 906 1678; x_wconf 87' lang='lat' dir='ltr'><strong>adiuncta,</strong></span> <span class='ocrx_word' id='word_1_93' title='bbox 934 1603 966 1662; x_wconf 88' lang='lat' dir='ltr'><strong>et</strong></span> <span class='ocrx_word' id='word_1_94' title='bbox 993 1597 1093 1662; x_wconf 88' lang='lat' dir='ltr'><strong>verba</strong></span> <span class='ocrx_word' id='word_1_95' title='bbox 1115 1599 1188 1682; x_wconf 58' lang='lat' dir='ltr'><strong>,ipsa</strong></span> <span class='ocrx_word' id='word_1_96' title='bbox 1214 1596 1392 1663; x_wconf 88' lang='lat' dir='ltr'><strong>declarant:</strong></span> <span class='ocrx_word' id='word_1_97' title='bbox 1420 1597 1495 1662; x_wconf 90' lang='lat' dir='ltr'><strong>bino</strong></span> <span class='ocrx_word' id='word_1_98' title='bbox 1520 1616 1649 1664; x_wconf 87' lang='lat' dir='ltr'><strong>commo</strong></span> 
     </span>
     <span class='ocr_line' id='line_1_12' title="bbox 317 1703 1649 1795; baseline -0.011 -22"><span class='ocrx_word' id='word_1_99' title='bbox 317 1711 455 1795; x_wconf 81' lang='lat' dir='ltr'><strong>primum</strong></span> <span class='ocrx_word' id='word_1_100' title='bbox 477 1703 612 1788; x_wconf 68' lang='lat' dir='ltr'><strong>incipit,</strong></span> <span class='ocrx_word' id='word_1_101' title='bbox 637 1712 697 1762; x_wconf 76' lang='grc' dir='ltr'>τότε</span> <span class='ocrx_word' id='word_1_102' title='bbox 724 1707 923 1781; x_wconf 65' lang='grc' dir='ltr'><strong>ὁμοιωθήσεται</strong></span> <span class='ocrx_word' id='word_1_103' title='bbox 939 1708 954 1765; x_wconf 81' lang='grc' dir='ltr'><strong>ἡ</strong></span> <span class='ocrx_word' id='word_1_104' title='bbox 971 1706 1099 1781; x_wconf 75' lang='grc' dir='ltr'><strong>βασιλεία</strong></span> <span class='ocrx_word' id='word_1_105' title='bbox 1116 1715 1169 1761; x_wconf 82' lang='grc' dir='ltr'><strong>τῶν</strong></span> <span class='ocrx_word' id='word_1_106' title='bbox 1188 1705 1321 1784; x_wconf 77' lang='grc' dir='ltr'><strong>οὐρανῶν,</strong></span> <span class='ocrx_word' id='word_1_107' title='bbox 1344 1708 1414 1764; x_wconf 77' lang='lat' dir='ltr'><strong>tunc</strong></span> <span class='ocrx_word' id='word_1_108' title='bbox 1432 1703 1649 1764; x_wconf 76' lang='lat' dir='ltr'><strong>assimilabitur</strong></span> 
     </span>
     <span class='ocr_line' id='line_1_13' title="bbox 315 1802 1646 1894; baseline -0.011 -18"><span class='ocrx_word' id='word_1_109' title='bbox 315 1827 441 1894; x_wconf 67' lang='lat' dir='ltr'><strong>repham</strong></span> <span class='ocrx_word' id='word_1_110' title='bbox 463 1811 631 1872; x_wconf 72' lang='lat' dir='ltr'><strong>coebaneo.</strong></span> <span class='ocrx_word' id='word_1_111' title='bbox 648 1855 655 1869; x_wconf 90' lang='lat'><strong>.</strong></span> <span class='ocrx_word' id='word_1_112' title='bbox 671 1823 703 1886; x_wconf 90' lang='lat'><strong>.;</strong></span> <span class='ocrx_word' id='word_1_113' title='bbox 722 1812 755 1871; x_wconf 90' lang='lat' dir='ltr'><strong>ct</strong></span> <span class='ocrx_word' id='word_1_114' title='bbox 779 1819 905 1868; x_wconf 90' lang='lat' dir='ltr'><strong>comma</strong></span> <span class='ocrx_word' id='word_1_115' title='bbox 930 1803 1088 1870; x_wconf 90' lang='lat' dir='ltr'><strong>decimum</strong></span> <span class='ocrx_word' id='word_1_116' title='bbox 1114 1811 1283 1887; x_wconf 88' lang='lat' dir='ltr'><strong>quartum,</strong></span> <span class='ocrx_word' id='word_1_117' title='bbox 1303 1813 1392 1886; x_wconf 66' lang='lat' dir='ltr'><strong>consp</strong></span> <span class='ocrx_word' id='word_1_118' title='bbox 1408 1813 1462 1885; x_wconf 60' lang='grc' dir='ltr'><strong>γὰρ</strong></span> <span class='ocrx_word' id='word_1_119' title='bbox 1485 1802 1646 1885; x_wconf 61' lang='lat' dir='ltr'><strong>insparsa,</strong></span> 
     </span>
     <span class='ocr_line' id='line_1_14' title="bbox 313 1905 1647 1990; baseline -0.007 -11"><span class='ocrx_word' id='word_1_120' title='bbox 313 1922 390 1978; x_wconf 71' lang='lat' dir='ltr'><strong>aaut</strong></span> <span class='ocrx_word' id='word_1_121' title='bbox 406 1917 484 1976; x_wconf 81' lang='lat' dir='ltr'><strong>caim</strong></span> <span class='ocrx_word' id='word_1_122' title='bbox 500 1911 606 1974; x_wconf 66' lang='lat' dir='ltr'><strong>mmo.</strong></span> <span class='ocrx_word' id='word_1_123' title='bbox 624 1957 631 1972; x_wconf 92' lang='lat'><strong>.</strong></span> <span class='ocrx_word' id='word_1_124' title='bbox 650 1956 658 1971; x_wconf 90' lang='lat'><strong>.</strong></span> <span class='ocrx_word' id='word_1_125' title='bbox 674 1906 735 1973; x_wconf 82' lang='lat' dir='ltr'><strong>Sed</strong></span> <span class='ocrx_word' id='word_1_126' title='bbox 750 1905 831 1971; x_wconf 88' lang='lat' dir='ltr'><strong>nibil</strong></span> <span class='ocrx_word' id='word_1_127' title='bbox 848 1907 966 1972; x_wconf 89' lang='lat' dir='ltr'><strong>borum</strong></span> <span class='ocrx_word' id='word_1_128' title='bbox 985 1907 1127 1972; x_wconf 87' lang='lat' dir='ltr'><strong>occurrit</strong></span> <span class='ocrx_word' id='word_1_129' title='bbox 1143 1905 1233 1988; x_wconf 91' lang='lat' dir='ltr'><strong>quod</strong></span> <span class='ocrx_word' id='word_1_130' title='bbox 1250 1906 1291 1971; x_wconf 87' lang='lat' dir='ltr'><strong>ad</strong></span> <span class='ocrx_word' id='word_1_131' title='bbox 1315 1924 1352 1970; x_wconf 88' lang='lat' dir='ltr'><strong>aa</strong></span> <span class='ocrx_word' id='word_1_132' title='bbox 1369 1907 1543 1990; x_wconf 83' lang='lat' dir='ltr'><strong>pertineat,</strong></span> <span class='ocrx_word' id='word_1_133' title='bbox 1563 1923 1647 1988; x_wconf 89' lang='lat' dir='ltr'><strong>quac</strong></span> 
     </span>
     <span class='ocr_line' id='line_1_15' title="bbox 316 2007 1647 2096; baseline -0.008 -14"><span class='ocrx_word' id='word_1_134' title='bbox 316 2036 334 2082; x_wconf 89' lang='lat' dir='ltr'><strong>a</strong></span> <span class='ocrx_word' id='word_1_135' title='bbox 356 2021 514 2082; x_wconf 86' lang='lat' dir='ltr'><strong>commate</strong></span> <span class='ocrx_word' id='word_1_136' title='bbox 534 2013 700 2096; x_wconf 82' lang='lat' dir='ltr'><strong>trigesimo</strong></span> <span class='ocrx_word' id='word_1_137' title='bbox 722 2011 827 2094; x_wconf 84' lang='lat' dir='ltr'><strong>primo</strong></span> <span class='ocrx_word' id='word_1_138' title='bbox 848 2008 890 2073; x_wconf 91' lang='lat' dir='ltr'><strong>ad</strong></span> <span class='ocrx_word' id='word_1_139' title='bbox 911 2007 1187 2092; x_wconf 82' lang='lat' dir='ltr'><strong>quadragesimum</strong></span> <span class='ocrx_word' id='word_1_140' title='bbox 1208 2015 1331 2074; x_wconf 84' lang='lat' dir='ltr'><strong>sextum</strong></span> <span class='ocrx_word' id='word_1_141' title='bbox 1351 2009 1513 2091; x_wconf 84' lang='lat' dir='ltr'><strong>leguntur.</strong></span> <span class='ocrx_word' id='word_1_142' title='bbox 1540 2009 1647 2072; x_wconf 87' lang='lat' dir='ltr'><strong>Immo</strong></span> 
     </span>
     <span class='ocr_line' id='line_1_16' title="bbox 315 2098 1647 2200; baseline -0.008 -15"><span class='ocrx_word' id='word_1_143' title='bbox 315 2121 425 2186; x_wconf 88' lang='lat' dir='ltr'><strong>omnia</strong></span> <span class='ocrx_word' id='word_1_144' title='bbox 441 2125 474 2184; x_wconf 93' lang='lat' dir='ltr'><strong>et</strong></span> <span class='ocrx_word' id='word_1_145' title='bbox 487 2116 613 2200; x_wconf 79' lang='lat' dir='ltr'><strong>singula</strong></span> <span class='ocrx_word' id='word_1_146' title='bbox 629 2113 815 2181; x_wconf 86' lang='lat' dir='ltr'><strong>historicam</strong></span> <span class='ocrx_word' id='word_1_147' title='bbox 834 2098 1055 2198; x_wconf 80' lang='lat' dir='ltr'><strong>praeseferunt</strong></span> <span class='ocrx_word' id='word_1_148' title='bbox 1072 2113 1306 2193; x_wconf 83' lang='lat' dir='ltr'><strong>narrationem,</strong></span> <span class='ocrx_word' id='word_1_149' title='bbox 1326 2119 1358 2177; x_wconf 90' lang='lat' dir='ltr'><strong>et</strong></span> <span class='ocrx_word' id='word_1_150' title='bbox 1374 2112 1647 2196; x_wconf 88' lang='lat' dir='ltr'><strong>quemadmodum</strong></span> 
     </span>
     <span class='ocr_line' id='line_1_17' title="bbox 314 2215 1645 2304; baseline 0 -17"><span class='ocrx_word' id='word_1_151' title='bbox 314 2222 467 2288; x_wconf 85' lang='lat' dir='ltr'><strong>bsitorica</strong></span> <span class='ocrx_word' id='word_1_152' title='bbox 487 2219 629 2286; x_wconf 86' lang='lat' dir='ltr'><strong>narratio</strong></span> <span class='ocrx_word' id='word_1_153' title='bbox 653 2217 768 2300; x_wconf 79' lang='lat' dir='ltr'><strong>erigit,</strong></span> <span class='ocrx_word' id='word_1_154' title='bbox 798 2216 897 2299; x_wconf 86' lang='lat' dir='ltr'><strong>accipi</strong></span> <span class='ocrx_word' id='word_1_155' title='bbox 919 2215 1054 2295; x_wconf 87' lang='lat' dir='ltr'><strong>debent,</strong></span> <span class='ocrx_word' id='word_1_156' title='bbox 1086 2217 1238 2282; x_wconf 88' lang='lat' dir='ltr'><strong>nimirum</strong></span> <span class='ocrx_word' id='word_1_157' title='bbox 1261 2217 1448 2304; x_wconf 87' lang='lat' dir='ltr'><strong>propria-et</strong></span> <span class='ocrx_word' id='word_1_158' title='bbox 1466 2217 1645 2287; x_wconf 87' lang='lat' dir='ltr'><strong>literaliter.</strong></span> 
     </span>
    </p>
   </div>
   <div class='ocr_carea' id='block_1_4' title="bbox 737 2441 1221 2540">
    <p class='ocr_par' dir='ltr' id='par_1_5' title="bbox 737 2441 1221 2540">
     <span class='ocr_line' id='line_1_18' title="bbox 737 2441 1221 2540; baseline 0.002 -4"><span class='ocrx_word' id='word_1_159' title='bbox 737 2441 1137 2540; x_wconf 78' lang='lat' dir='ltr'><strong>THEOREMA</strong></span> <span class='ocrx_word' id='word_1_160' title='bbox 1177 2447 1221 2537; x_wconf 89' lang='grc' dir='ltr'><strong>Ι.</strong></span> 
     </span>
    </p>
   </div>
   <div class='ocr_carea' id='block_1_5' title="bbox 618 2615 1337 2737">
    <p class='ocr_par' dir='ltr' id='par_1_6' title="bbox 618 2615 1337 2737">
     <span class='ocr_line' id='line_1_19' title="bbox 618 2615 1337 2737; baseline 0.003 -18"><span class='ocrx_word' id='word_1_161' title='bbox 618 2659 812 2737; x_wconf 65' lang='lat' dir='ltr'><strong>Explicantur</strong></span> <span class='ocrx_word' id='word_1_162' title='bbox 836 2633 947 2718; x_wconf 77' lang='lat' dir='ltr'><strong>Christi</strong></span> <span class='ocrx_word' id='word_1_163' title='bbox 966 2651 1000 2717; x_wconf 78' lang='lat' dir='ltr'><strong>ici</strong></span> <span class='ocrx_word' id='word_1_164' title='bbox 1021 2657 1161 2736; x_wconf 78' lang='lat' dir='ltr'><strong>reprobos</strong></span> <span class='ocrx_word' id='word_1_165' title='bbox 1183 2615 1337 2729; x_wconf 71' lang='lat' dir='ltr'><strong>sceleratio,</strong></span> 
     </span>
    </p>
   </div>
   <div class='ocr_carea' id='block_1_6' title="bbox 313 2827 1648 3858">
    <p class='ocr_par' dir='ltr' id='par_1_7' title="bbox 314 2827 1635 3012">
     <span class='ocr_line' id='line_1_20' title="bbox 403 2827 1635 2918; baseline -0.006 -13"><span class='ocrx_word' id='word_1_166' title='bbox 403 2844 436 2904; x_wconf 83' lang='lat' dir='ltr'><strong>u.</strong></span> <span class='ocrx_word' id='word_1_167' title='bbox 461 2842 542 2904; x_wconf 86' lang='lat' dir='ltr'><strong>cum</strong></span> <span class='ocrx_word' id='word_1_168' title='bbox 567 2827 714 2918; x_wconf 58' lang='lat' dir='ltr'><strong>singula,</strong></span> <span class='ocrx_word' id='word_1_169' title='bbox 742 2831 861 2916; x_wconf 88' lang='lat' dir='ltr'><strong>quibus</strong></span> <span class='ocrx_word' id='word_1_170' title='bbox 883 2839 1025 2912; x_wconf 87' lang='lat' dir='ltr'><strong>constat,</strong></span> <span class='ocrx_word' id='word_1_171' title='bbox 1052 2832 1152 2898; x_wconf 78' lang='lat' dir='ltr'><strong>rerba</strong></span> <span class='ocrx_word' id='word_1_172' title='bbox 1173 2835 1350 2917; x_wconf 78' lang='lat' dir='ltr'><strong>gravissimi</strong></span> <span class='ocrx_word' id='word_1_173' title='bbox 1377 2835 1441 2900; x_wconf 89' lang='lat' dir='ltr'><strong>siut</strong></span> <span class='ocrx_word' id='word_1_174' title='bbox 1464 2839 1635 2917; x_wconf 83' lang='lat' dir='ltr'><strong>momenti,</strong></span> 
     </span>
     <span class='ocr_line' id='line_1_21' title="bbox 314 2935 977 3012; baseline -0.017 -1"><span class='ocrx_word' id='word_1_175' title='bbox 314 2967 349 3012; x_wconf 90' lang='lat' dir='ltr'><strong>ea</strong></span> <span class='ocrx_word' id='word_1_176' title='bbox 371 2944 461 3010; x_wconf 90' lang='lat' dir='ltr'><strong>hrevi</strong></span> <span class='ocrx_word' id='word_1_177' title='bbox 482 2939 711 3007; x_wconf 87' lang='lat' dir='ltr'><strong>commentario</strong></span> <span class='ocrx_word' id='word_1_178' title='bbox 734 2935 977 3001; x_wconf 86' lang='lat' dir='ltr'><strong>illustrabimus.</strong></span> 
     </span>
    </p>

    <p class='ocr_par' dir='ltr' id='par_1_8' title="bbox 313 3038 1647 3336">
     <span class='ocr_line' id='line_1_22' title="bbox 402 3038 1642 3126; baseline -0.006 -14"><span class='ocrx_word' id='word_1_179' title='bbox 402 3047 453 3112; x_wconf 88' lang='lat' dir='ltr'><strong>Sic</strong></span> <span class='ocrx_word' id='word_1_180' title='bbox 475 3061 553 3126; x_wconf 79' lang='lat' dir='ltr'><strong>ergo</strong></span> <span class='ocrx_word' id='word_1_181' title='bbox 580 3042 724 3107; x_wconf 87' lang='lat' dir='ltr'><strong>Christus</strong></span> <span class='ocrx_word' id='word_1_182' title='bbox 749 3039 889 3122; x_wconf 88' lang='lat' dir='ltr'><strong>supremi</strong></span> <span class='ocrx_word' id='word_1_183' title='bbox 914 3038 1028 3104; x_wconf 90' lang='lat' dir='ltr'><strong>iudicis</strong></span> <span class='ocrx_word' id='word_1_184' title='bbox 1050 3057 1186 3124; x_wconf 89' lang='lat' dir='ltr'><strong>persona</strong></span> <span class='ocrx_word' id='word_1_185' title='bbox 1207 3038 1338 3104; x_wconf 88' lang='lat' dir='ltr'><strong>indutus</strong></span> <span class='ocrx_word' id='word_1_186' title='bbox 1356 3039 1396 3106; x_wconf 86' lang='lat' dir='ltr'><strong>ad</strong></span> <span class='ocrx_word' id='word_1_187' title='bbox 1413 3042 1571 3126; x_wconf 92' lang='lat' dir='ltr'><strong>reprobos</strong></span> <span class='ocrx_word' id='word_1_188' title='bbox 1592 3045 1642 3123; x_wconf 82' lang='lat'><strong>3):</strong></span> 
     </span>
     <span class='ocr_line' id='line_1_23' title="bbox 315 3142 1647 3233; baseline -0.002 -22"><span class='ocrx_word' id='word_1_189' title='bbox 315 3156 465 3233; x_wconf 64' lang='lat' dir='ltr'><strong>rapturas·</strong></span> <span class='ocrx_word' id='word_1_190' title='bbox 490 3149 530 3206; x_wconf 72' lang='grc' dir='ltr'><strong>ἀπ’</strong></span> <span class='ocrx_word' id='word_1_191' title='bbox 557 3145 636 3224; x_wconf 68' lang='grc' dir='ltr'>ἐμοῦ,</span> <span class='ocrx_word' id='word_1_192' title='bbox 660 3144 841 3207; x_wconf 78' lang='lat' dir='ltr'><strong>disceditea</strong></span> <span class='ocrx_word' id='word_1_193' title='bbox 862 3161 922 3220; x_wconf 83' lang='lat' dir='ltr'><strong>me,</strong></span> <span class='ocrx_word' id='word_1_194' title='bbox 949 3148 1065 3226; x_wconf 90' lang='lat' dir='ltr'><strong>atquc,</strong></span> <span class='ocrx_word' id='word_1_195' title='bbox 1091 3148 1127 3206; x_wconf 90' lang='lat' dir='ltr'><strong>ut</strong></span> <span class='ocrx_word' id='word_1_196' title='bbox 1152 3161 1216 3209; x_wconf 92' lang='lat' dir='ltr'><strong>uon</strong></span> <span class='ocrx_word' id='word_1_197' title='bbox 1237 3142 1396 3208; x_wconf 88' lang='lat' dir='ltr'><strong>immerito</strong></span> <span class='ocrx_word' id='word_1_198' title='bbox 1415 3145 1559 3228; x_wconf 89' lang='lat' dir='ltr'><strong>suppleri</strong></span> <span class='ocrx_word' id='word_1_199' title='bbox 1581 3165 1647 3229; x_wconf 94' lang='lat' dir='ltr'><strong>po-</strong></span> 
     </span>
     <span class='ocr_line' id='line_1_24' title="bbox 313 3247 1645 3336; baseline -0.005 -19"><span class='ocrx_word' id='word_1_200' title='bbox 313 3261 375 3320; x_wconf 89' lang='lat' dir='ltr'><strong>test</strong></span> <span class='ocrx_word' id='word_1_201' title='bbox 399 3256 448 3336; x_wconf 74' lang='lat' dir='ltr'><strong>ll),</strong></span> <span class='ocrx_word' id='word_1_202' title='bbox 472 3254 552 3316; x_wconf 83' lang='lat' dir='ltr'><strong>abite</strong></span> <span class='ocrx_word' id='word_1_203' title='bbox 566 3252 605 3316; x_wconf 74' lang='grc' dir='ltr'><strong>εἰς</strong></span> <span class='ocrx_word' id='word_1_204' title='bbox 618 3259 704 3309; x_wconf 74' lang='grc' dir='ltr'>τόπον</span> <span class='ocrx_word' id='word_1_205' title='bbox 720 3257 766 3306; x_wconf 75' lang='grc' dir='ltr'><strong>τοο</strong></span> <span class='ocrx_word' id='word_1_206' title='bbox 782 3247 872 3321; x_wconf 72' lang='grc' dir='ltr'>ἴδιον,</span> <span class='ocrx_word' id='word_1_207' title='bbox 887 3250 919 3308; x_wconf 81' lang='lat' dir='ltr'><strong>ic</strong></span> <span class='ocrx_word' id='word_1_208' title='bbox 933 3247 1028 3308; x_wconf 81' lang='lat' dir='ltr'><strong>iocum</strong></span> <span class='ocrx_word' id='word_1_209' title='bbox 1041 3247 1123 3309; x_wconf 84' lang='lat' dir='ltr'><strong>vohis</strong></span> <span class='ocrx_word' id='word_1_210' title='bbox 1136 3247 1271 3326; x_wconf 72' lang='lat' dir='ltr'><strong>diacum,</strong></span> <span class='ocrx_word' id='word_1_211' title='bbox 1287 3252 1399 3326; x_wconf 79' lang='lat' dir='ltr'><strong>quique</strong></span> <span class='ocrx_word' id='word_1_212' title='bbox 1412 3248 1495 3310; x_wconf 83' lang='lat' dir='ltr'><strong>vobis</strong></span> <span class='ocrx_word' id='word_1_213' title='bbox 1507 3249 1645 3311; x_wconf 80' lang='lat' dir='ltr'><strong>debetur.</strong></span> 
     </span>
    </p>

    <p class='ocr_par' dir='ltr' id='par_1_9' title="bbox 313 3347 1648 3858">
     <span class='ocr_line' id='line_1_25' title="bbox 344 3347 1647 3440; baseline -0.012 -18"><span class='ocrx_word' id='word_1_214' title='bbox 344 3433 347 3440; x_wconf 36' lang='grc'>,</span> <span class='ocrx_word' id='word_1_215' title='bbox 403 3353 556 3422; x_wconf 85' lang='lat' dir='ltr'><strong>Matthaei</strong></span> <span class='ocrx_word' id='word_1_216' title='bbox 581 3353 706 3418; x_wconf 89' lang='lat' dir='ltr'><strong>decimo</strong></span> <span class='ocrx_word' id='word_1_217' title='bbox 733 3357 847 3414; x_wconf 85' lang='lat' dir='ltr'><strong>octavo</strong></span> <span class='ocrx_word' id='word_1_218' title='bbox 873 3351 902 3429; x_wconf 81' lang='grc'><strong>5)</strong></span> <span class='ocrx_word' id='word_1_219' title='bbox 928 3347 1098 3414; x_wconf 85' lang='lat' dir='ltr'><strong>adhibetur</strong></span> <span class='ocrx_word' id='word_1_220' title='bbox 1125 3347 1261 3414; x_wconf 81' lang='lat' dir='ltr'><strong>verbum</strong></span> <span class='ocrx_word' id='word_1_221' title='bbox 1283 3353 1450 3428; x_wconf 67' lang='lat' dir='ltr'><strong>pitheem,</strong></span> <span class='ocrx_word' id='word_1_222' title='bbox 1482 3350 1573 3434; x_wconf 83' lang='lat' dir='ltr'><strong>quod</strong></span> <span class='ocrx_word' id='word_1_223' title='bbox 1599 3357 1647 3416; x_wconf 73' lang='lat' dir='ltr'><strong>est</strong></span> 
     </span>
     <span class='ocr_line' id='line_1_26' title="bbox 313 3447 1648 3550; baseline -0.008 -21"><span class='ocrx_word' id='word_1_224' title='bbox 313 3473 439 3528; x_wconf 86' lang='lat' dir='ltr'><strong>summa</strong></span> <span class='ocrx_word' id='word_1_225' title='bbox 462 3457 707 3550; x_wconf 21' lang='lat' dir='ltr'><strong>cumvviolentla</strong></span> <span class='ocrx_word' id='word_1_226' title='bbox 725 3453 858 3538; x_wconf 88' lang='lat' dir='ltr'><strong>proiioi;</strong></span> <span class='ocrx_word' id='word_1_227' title='bbox 880 3458 913 3516; x_wconf 87' lang='lat' dir='ltr'><strong>et</strong></span> <span class='ocrx_word' id='word_1_228' title='bbox 937 3451 1085 3518; x_wconf 83' lang='lat' dir='ltr'><strong>Matthaei</strong></span> <span class='ocrx_word' id='word_1_229' title='bbox 1111 3454 1246 3535; x_wconf 84' lang='lat' dir='ltr'><strong>septimo</strong></span> <span class='ocrx_word' id='word_1_230' title='bbox 1269 3451 1302 3538; x_wconf 86' lang='grc'><strong>6)</strong></span> <span class='ocrx_word' id='word_1_231' title='bbox 1331 3454 1408 3519; x_wconf 90' lang='lat' dir='ltr'><strong>haac</strong></span> <span class='ocrx_word' id='word_1_232' title='bbox 1433 3455 1561 3520; x_wconf 86' lang='lat' dir='ltr'><strong>Christo</strong></span> <span class='ocrx_word' id='word_1_233' title='bbox 1586 3447 1648 3519; x_wconf 84' lang='lat' dir='ltr'><strong>tri-</strong></span> 
     </span>
     <span class='ocr_line' id='line_1_27' title="bbox 313 3555 1646 3638; baseline -0.007 -8"><span class='ocrx_word' id='word_1_234' title='bbox 313 3565 458 3630; x_wconf 89' lang='lat' dir='ltr'><strong>buuntur</strong></span> <span class='ocrx_word' id='word_1_235' title='bbox 479 3561 595 3627; x_wconf 81' lang='lat' dir='ltr'><strong>rerba:</strong></span> <span class='ocrx_word' id='word_1_236' title='bbox 617 3565 791 3638; x_wconf 71' lang='grc' dir='ltr'><strong>ἀποχωρεῖτε</strong></span> <span class='ocrx_word' id='word_1_237' title='bbox 815 3558 856 3616; x_wconf 60' lang='lat' dir='ltr'><strong>aa</strong></span> <span class='ocrx_word' id='word_1_238' title='bbox 882 3559 961 3635; x_wconf 74' lang='lat' dir='ltr'><strong>ipos,</strong></span> <span class='ocrx_word' id='word_1_239' title='bbox 986 3555 1131 3620; x_wconf 80' lang='lat' dir='ltr'><strong>abscedite</strong></span> <span class='ocrx_word' id='word_1_240' title='bbox 1151 3573 1171 3617; x_wconf 87' lang='lat' dir='ltr'><strong>u</strong></span> <span class='ocrx_word' id='word_1_241' title='bbox 1191 3575 1248 3619; x_wconf 86' lang='lat' dir='ltr'><strong>me.</strong></span> <span class='ocrx_word' id='word_1_242' title='bbox 1273 3557 1501 3623; x_wconf 84' lang='lat' dir='ltr'><strong>Vehementius</strong></span> <span class='ocrx_word' id='word_1_243' title='bbox 1517 3557 1550 3622; x_wconf 92' lang='lat' dir='ltr'><strong>in</strong></span> <span class='ocrx_word' id='word_1_244' title='bbox 1569 3557 1646 3623; x_wconf 93' lang='lat' dir='ltr'><strong>loco</strong></span> 
     </span>
     <span class='ocr_line' id='line_1_28' title="bbox 314 3659 1646 3750; baseline -0.006 -19"><span class='ocrx_word' id='word_1_245' title='bbox 314 3665 465 3750; x_wconf 88' lang='lat' dir='ltr'><strong>parallelo</strong></span> <span class='ocrx_word' id='word_1_246' title='bbox 486 3663 573 3748; x_wconf 91' lang='lat' dir='ltr'><strong>apud</strong></span> <span class='ocrx_word' id='word_1_247' title='bbox 595 3665 714 3728; x_wconf 83' lang='lat' dir='ltr'><strong>Lucam</strong></span> <span class='ocrx_word' id='word_1_248' title='bbox 738 3665 786 3741; x_wconf 81' lang='lat'><strong>7):</strong></span> <span class='ocrx_word' id='word_1_249' title='bbox 814 3665 954 3725; x_wconf 68' lang='lat' dir='ltr'><strong>deterres</strong></span> <span class='ocrx_word' id='word_1_250' title='bbox 980 3659 1022 3719; x_wconf 68' lang='grc' dir='ltr'><strong>ἀπ’</strong></span> <span class='ocrx_word' id='word_1_251' title='bbox 1048 3661 1126 3738; x_wconf 76' lang='grc' dir='ltr'>ἐμοῦ,</span> <span class='ocrx_word' id='word_1_252' title='bbox 1152 3673 1235 3742; x_wconf 86' lang='lat' dir='ltr'><strong>quae</strong></span> <span class='ocrx_word' id='word_1_253' title='bbox 1259 3675 1297 3724; x_wconf 81' lang='lat' dir='ltr'><strong>ex</strong></span> <span class='ocrx_word' id='word_1_254' title='bbox 1321 3659 1550 3743; x_wconf 85' lang='lat' dir='ltr'><strong>interpretibus</strong></span> <span class='ocrx_word' id='word_1_255' title='bbox 1575 3659 1646 3724; x_wconf 89' lang='lat' dir='ltr'><strong>ale·</strong></span> 
     </span>
     <span class='ocr_line' id='line_1_29' title="bbox 313 3761 1645 3858; baseline -0.007 -25"><span class='ocrx_word' id='word_1_256' title='bbox 313 3767 478 3834; x_wconf 86' lang='lat' dir='ltr'><strong>xandriuls</strong></span> <span class='ocrx_word' id='word_1_257' title='bbox 503 3766 544 3832; x_wconf 88' lang='lat' dir='ltr'><strong>ad</strong></span> <span class='ocrx_word' id='word_1_258' title='bbox 572 3765 730 3831; x_wconf 86' lang='lat' dir='ltr'><strong>Psalmum</strong></span> <span class='ocrx_word' id='word_1_259' title='bbox 751 3768 875 3828; x_wconf 85' lang='lat' dir='ltr'><strong>sextum</strong></span> <span class='ocrx_word' id='word_1_260' title='bbox 902 3763 1095 3849; x_wconf 89' lang='lat' dir='ltr'><strong>deprompta</strong></span> <span class='ocrx_word' id='word_1_261' title='bbox 1117 3767 1206 3858; x_wconf 69' lang='lat' dir='ltr'><strong>‚sunt</strong></span> <span class='ocrx_word' id='word_1_262' title='bbox 1221 3761 1273 3841; x_wconf 83' lang='lat' dir='ltr'><strong>tl),</strong></span> <span class='ocrx_word' id='word_1_263' title='bbox 1302 3768 1334 3826; x_wconf 91' lang='lat' dir='ltr'><strong>ct</strong></span> <span class='ocrx_word' id='word_1_264' title='bbox 1358 3761 1556 3845; x_wconf 90' lang='lat' dir='ltr'><strong>respondent</strong></span> <span class='ocrx_word' id='word_1_265' title='bbox 1582 3761 1645 3825; x_wconf 89' lang='lat' dir='ltr'><strong>hc·</strong></span> 
     </span>
    </p>
   </div>
   <div class='ocr_carea' id='block_1_7' title="bbox 313 3882 854 3990">
    <p class='ocr_par' dir='ltr' id='par_1_10' title="bbox 313 3882 854 3990">
     <span class='ocr_line' id='line_1_30' title="bbox 313 3882 854 3990; baseline -0.031 -37"><span class='ocrx_word' id='word_1_266' title='bbox 313 3886 441 3952; x_wconf 88' lang='lat' dir='ltr'><strong>braicae</strong></span> <span class='ocrx_word' id='word_1_267' title='bbox 464 3882 593 3969; x_wconf 78' lang='lat' dir='ltr'><strong>phrasis</strong></span> <span class='ocrx_word' id='word_1_268' title='bbox 620 3893 717 3990; x_wconf 52' lang='lat' dir='ltr'><strong>&#39;2²3²ss</strong></span> <span class='ocrx_word' id='word_1_269' title='bbox 750 3895 854 3958; x_wconf 46' lang='lat' dir='ltr'><strong>asan,</strong></span> 
     </span>
    </p>
   </div>
   <div class='ocr_carea' id='block_1_8' title="bbox 290 4004 1703 4196">
    <p class='ocr_par' dir='ltr' id='par_1_11' title="bbox 290 4004 1703 4196">
     <span class='ocr_line' id='line_1_31' title="bbox 403 4004 1703 4097; baseline -0.012 -15"><span class='ocrx_word' id='word_1_270' title='bbox 403 4019 434 4082; x_wconf 93' lang='lat'><strong>7.</strong></span> <span class='ocrx_word' id='word_1_271' title='bbox 459 4016 611 4097; x_wconf 87' lang='lat' dir='ltr'><strong>Sequitur</strong></span> <span class='ocrx_word' id='word_1_272' title='bbox 631 4009 849 4078; x_wconf 86' lang='lat' dir='ltr'><strong>denominatio</strong></span> <span class='ocrx_word' id='word_1_273' title='bbox 865 4009 1010 4091; x_wconf 90' lang='lat' dir='ltr'><strong>illorum,</strong></span> <span class='ocrx_word' id='word_1_274' title='bbox 1035 4025 1119 4094; x_wconf 88' lang='lat' dir='ltr'><strong>quos</strong></span> <span class='ocrx_word' id='word_1_275' title='bbox 1133 4025 1199 4072; x_wconf 92' lang='lat' dir='ltr'><strong>non</strong></span> <span class='ocrx_word' id='word_1_276' title='bbox 1216 4007 1284 4072; x_wconf 88' lang='lat' dir='ltr'><strong>sine</strong></span> <span class='ocrx_word' id='word_1_277' title='bbox 1299 4005 1502 4072; x_wconf 82' lang='lat' dir='ltr'><strong>execratione</strong></span> <span class='ocrx_word' id='word_1_278' title='bbox 1519 4004 1646 4088; x_wconf 85' lang='lat' dir='ltr'><strong>repellit</strong></span> <span class='ocrx_word' id='word_1_279' title='bbox 1700 4012 1703 4018; x_wconf 79' lang='grc'><em>“</em></span> 
     </span>
     <span class='ocr_line' id='line_1_32' title="bbox 290 4105 1646 4196; baseline -0.011 -9"><span class='ocrx_word' id='word_1_280' title='bbox 290 4187 293 4195; x_wconf 85' lang='grc'>,</span> <span class='ocrx_word' id='word_1_281' title='bbox 314 4119 479 4187; x_wconf 86' lang='lat' dir='ltr'><strong>Christus:</strong></span> <span class='ocrx_word' id='word_1_282' title='bbox 509 4123 534 4175; x_wconf 83' lang='grc' dir='ltr'><strong>οἱ</strong></span> <span class='ocrx_word' id='word_1_283' title='bbox 557 4121 755 4196; x_wconf 64' lang='grc' dir='ltr'>κατηραμένοι,</span> <span class='ocrx_word' id='word_1_284' title='bbox 783 4113 934 4182; x_wconf 80' lang='lat' dir='ltr'><strong>maledicti</strong></span> <span class='ocrx_word' id='word_1_285' title='bbox 945 4160 955 4193; x_wconf 94' lang='lat'><strong>,</strong></span> <span class='ocrx_word' id='word_1_286' title='bbox 983 4130 1066 4196; x_wconf 88' lang='lat' dir='ltr'><strong>quos</strong></span> <span class='ocrx_word' id='word_1_287' title='bbox 1097 4107 1172 4176; x_wconf 87' lang='lat' dir='ltr'><strong>alibi</strong></span> <span class='ocrx_word' id='word_1_288' title='bbox 1202 4115 1406 4193; x_wconf 88' lang='lat' dir='ltr'><strong>nuncupatos</strong></span> <span class='ocrx_word' id='word_1_289' title='bbox 1437 4106 1545 4172; x_wconf 83' lang='lat' dir='ltr'><strong>ridere</strong></span> <span class='ocrx_word' id='word_1_290' title='bbox 1570 4105 1646 4172; x_wconf 90' lang='lat' dir='ltr'><strong>licet</strong></span> 
     </span>
    </p>
   </div>
   <div class='ocr_carea' id='block_1_9' title="bbox 404 4259 1645 4433">
    <p class='ocr_par' dir='ltr' id='par_1_12' title="bbox 404 4259 1645 4433">
     <span class='ocr_line' id='line_1_33' title="bbox 404 4259 1645 4361; baseline -0.01 -12"><span class='ocrx_word' id='word_1_291' title='bbox 404 4305 425 4361; x_wconf 82' lang='lat' dir='ltr'><strong>s)</strong></span> <span class='ocrx_word' id='word_1_292' title='bbox 439 4301 500 4350; x_wconf 90' lang='lat' dir='ltr'><strong>Ibld.</strong></span> <span class='ocrx_word' id='word_1_293' title='bbox 514 4315 537 4348; x_wconf 90' lang='lat' dir='ltr'><strong>v.</strong></span> <span class='ocrx_word' id='word_1_294' title='bbox 550 4307 584 4348; x_wconf 75' lang='lat' dir='ltr'><strong>sl.</strong></span> <span class='ocrx_word' id='word_1_295' title='bbox 874 4281 876 4287; x_wconf 42' lang='lat'><strong>¹</strong></span> <span class='ocrx_word' id='word_1_296' title='bbox 1005 4307 1090 4341; x_wconf 77' lang='lat' dir='ltr'><strong>mcum</strong></span> <span class='ocrx_word' id='word_1_297' title='bbox 1102 4259 1140 4340; x_wconf 78' lang='lat' dir='ltr'><strong>oet</strong></span> <span class='ocrx_word' id='word_1_298' title='bbox 1157 4295 1215 4340; x_wconf 81' lang='lat' dir='ltr'><strong>duos</strong></span> <span class='ocrx_word' id='word_1_299' title='bbox 1227 4293 1298 4351; x_wconf 80' lang='lat' dir='ltr'><strong>pedes</strong></span> <span class='ocrx_word' id='word_1_300' title='bbox 1314 4283 1435 4339; x_wconf 68' lang='lat' dir='ltr'><strong>haimom</strong></span> <span class='ocrx_word' id='word_1_301' title='bbox 1448 4291 1514 4337; x_wconf 58' lang='lat' dir='ltr'><strong>miti</strong></span> <span class='ocrx_word' id='word_1_302' title='bbox 1527 4289 1554 4337; x_wconf 77' lang='lat' dir='ltr'><strong>io</strong></span> <span class='ocrx_word' id='word_1_303' title='bbox 1567 4291 1645 4349; x_wconf 68' lang='grc' dir='ltr'><strong>ἑφιιηι</strong></span> 
     </span>
     <span class='ocr_line' id='line_1_34' title="bbox 404 4371 1135 4433; baseline -0.011 -11"><span class='ocrx_word' id='word_1_304' title='bbox 404 4376 427 4433; x_wconf 79' lang='lat' dir='ltr'><strong>t)</strong></span> <span class='ocrx_word' id='word_1_305' title='bbox 440 4378 475 4422; x_wconf 85' lang='lat' dir='ltr'><strong>Ex</strong></span> <span class='ocrx_word' id='word_1_306' title='bbox 487 4375 550 4422; x_wconf 68' lang='lat' dir='ltr'><strong>Adi.</strong></span> <span class='ocrx_word' id='word_1_307' title='bbox 563 4375 582 4422; x_wconf 78' lang='lat'><strong>1,</strong></span> <span class='ocrx_word' id='word_1_308' title='bbox 596 4381 631 4420; x_wconf 78' lang='lat' dir='ltr'><strong>tt.</strong></span> <span class='ocrx_word' id='word_1_309' title='bbox 1003 4371 1135 4418; x_wconf 61' lang='lat' dir='ltr'><strong>caumas.</strong></span> 
     </span>
    </p>
   </div>
   <div class='ocr_carea' id='block_1_10' title="bbox 404 4438 1645 4566">
    <p class='ocr_par' dir='ltr' id='par_1_13' title="bbox 404 4438 1645 4566">
     <span class='ocr_line' id='line_1_35' title="bbox 404 4438 1330 4514; baseline -0.019 -14"><span class='ocrx_word' id='word_1_310' title='bbox 404 4457 427 4514; x_wconf 83' lang='lat' dir='ltr'><strong>a)</strong></span> <span class='ocrx_word' id='word_1_311' title='bbox 440 4457 523 4505; x_wconf 84' lang='lat' dir='ltr'><strong>ttatih.</strong></span> <span class='ocrx_word' id='word_1_312' title='bbox 543 4455 631 4504; x_wconf 79' lang='lat' dir='ltr'><strong>lett.</strong></span> <span class='ocrx_word' id='word_1_313' title='bbox 653 4459 680 4500; x_wconf 85' lang='lat' dir='ltr'><strong>a:</strong></span> <span class='ocrx_word' id='word_1_314' title='bbox 698 4448 784 4506; x_wconf 63' lang='lat' dir='ltr'><strong>tatii</strong></span> <span class='ocrx_word' id='word_1_315' title='bbox 810 4447 854 4504; x_wconf 69' lang='grc' dir='ltr'><strong>σοί</strong></span> <span class='ocrx_word' id='word_1_316' title='bbox 879 4445 950 4502; x_wconf 59' lang='grc' dir='ltr'>ἐστι)</span> <span class='ocrx_word' id='word_1_317' title='bbox 1095 4439 1117 4498; x_wconf 78' lang='lat' dir='ltr'><strong>a)</strong></span> <span class='ocrx_word' id='word_1_318' title='bbox 1130 4438 1215 4488; x_wconf 79' lang='lat' dir='ltr'><strong>Matth.</strong></span> <span class='ocrx_word' id='word_1_319' title='bbox 1229 4438 1281 4484; x_wconf 83' lang='lat' dir='ltr'><strong>vll.</strong></span> <span class='ocrx_word' id='word_1_320' title='bbox 1295 4442 1330 4482; x_wconf 79' lang='lat' dir='ltr'><strong>aa.</strong></span> 
     </span>
     <span class='ocr_line' id='line_1_36' title="bbox 1092 4503 1645 4566; baseline -0.018 -8"><span class='ocrx_word' id='word_1_321' title='bbox 1092 4511 1115 4566; x_wconf 88' lang='lat'><strong>7)</strong></span> <span class='ocrx_word' id='word_1_322' title='bbox 1129 4509 1185 4557; x_wconf 80' lang='lat' dir='ltr'><strong>burc.</strong></span> <span class='ocrx_word' id='word_1_323' title='bbox 1203 4509 1264 4556; x_wconf 84' lang='lat' dir='ltr'><strong>Xlll.</strong></span> <span class='ocrx_word' id='word_1_324' title='bbox 1284 4513 1318 4554; x_wconf 78' lang='lat'><strong>27.</strong></span> <span class='ocrx_word' id='word_1_325' title='bbox 1341 4505 1473 4562; x_wconf 76' lang='lat' dir='ltr'><strong>vulgatus:</strong></span> <span class='ocrx_word' id='word_1_326' title='bbox 1490 4503 1608 4551; x_wconf 81' lang='lat' dir='ltr'><strong>Discedita</strong></span> <span class='ocrx_word' id='word_1_327' title='bbox 1627 4518 1645 4548; x_wconf 82' lang='lat' dir='ltr'><strong>a</strong></span> 
     </span>
    </p>
   </div>
   <div class='ocr_carea' id='block_1_11' title="bbox 313 4533 1643 4870">
    <p class='ocr_par' dir='ltr' id='par_1_14' title="bbox 314 4533 1422 4639">
     <span class='ocr_line' id='line_1_37' title="bbox 314 4533 1422 4639; baseline -0.004 -43"><span class='ocrx_word' id='word_1_328' title='bbox 314 4539 500 4604; x_wconf 63' lang='grc' dir='ltr'><strong>εἷσελθεῖνείς</strong></span> <span class='ocrx_word' id='word_1_329' title='bbox 520 4539 645 4614; x_wconf 53' lang='lat' dir='ltr'><strong>sabulosis</strong></span> <span class='ocrx_word' id='word_1_330' title='bbox 661 4537 783 4614; x_wconf 71' lang='grc' dir='ltr'><strong><em>χωλὸνῆ</em></strong></span> <span class='ocrx_word' id='word_1_331' title='bbox 801 4533 950 4604; x_wconf 53' lang='lat' dir='ltr'><strong>tubicini</strong></span> <span class='ocrx_word' id='word_1_332' title='bbox 1003 4595 1040 4629; x_wconf 60' lang='lat' dir='ltr'><em>m</em></span> <span class='ocrx_word' id='word_1_333' title='bbox 1057 4594 1135 4628; x_wconf 61' lang='lat' dir='ltr'><strong>mm</strong></span> <span class='ocrx_word' id='word_1_334' title='bbox 1151 4579 1258 4639; x_wconf 50' lang='lat' dir='ltr'><strong>operm.</strong></span> <span class='ocrx_word' id='word_1_335' title='bbox 1277 4577 1422 4635; x_wconf 33' lang='lat' dir='ltr'><strong>mma·</strong></span> 
     </span>
    </p>

    <p class='ocr_par' dir='ltr' id='par_1_15' title="bbox 313 4627 1643 4797">
     <span class='ocr_line' id='line_1_38' title="bbox 313 4627 1643 4709; baseline -0.01 -21"><span class='ocrx_word' id='word_1_336' title='bbox 313 4635 356 4690; x_wconf 74' lang='grc' dir='ltr'><strong>δύο</strong></span> <span class='ocrx_word' id='word_1_337' title='bbox 374 4639 466 4707; x_wconf 80' lang='grc' dir='ltr'>χεῖρας</span> <span class='ocrx_word' id='word_1_338' title='bbox 487 4631 502 4693; x_wconf 80' lang='grc' dir='ltr'><strong><em>ἦ</em></strong></span> <span class='ocrx_word' id='word_1_339' title='bbox 524 4635 566 4687; x_wconf 78' lang='lat' dir='ltr'><strong>du&#39;o</strong></span> <span class='ocrx_word' id='word_1_340' title='bbox 591 4632 672 4695; x_wconf 76' lang='grc' dir='ltr'><em>πόδας</em></span> <span class='ocrx_word' id='word_1_341' title='bbox 698 4631 796 4705; x_wconf 78' lang='grc' dir='ltr'>ἔχοντα</span> <span class='ocrx_word' id='word_1_342' title='bbox 819 4627 950 4695; x_wconf 64' lang='grc' dir='ltr'><strong>βληθῆναι</strong></span> <span class='ocrx_word' id='word_1_343' title='bbox 1097 4653 1264 4709; x_wconf 55' lang='lat' dir='ltr'><strong>mmm,</strong></span> <span class='ocrx_word' id='word_1_344' title='bbox 1279 4649 1398 4695; x_wconf 57' lang='lat' dir='ltr'><strong>mmm</strong></span> <span class='ocrx_word' id='word_1_345' title='bbox 1416 4663 1431 4694; x_wconf 66' lang='lat' dir='ltr'><strong><em>a</em></strong></span> <span class='ocrx_word' id='word_1_346' title='bbox 1448 4662 1485 4695; x_wconf 64' lang='lat' dir='ltr'><strong>m,</strong></span> <span class='ocrx_word' id='word_1_347' title='bbox 1504 4661 1582 4703; x_wconf 59' lang='lat' dir='ltr'><strong>mm</strong></span> <span class='ocrx_word' id='word_1_348' title='bbox 1601 4647 1643 4704; x_wconf 57' lang='lat' dir='ltr'><strong>W·</strong></span> 
     </span>
     <span class='ocr_line' id='line_1_39' title="bbox 314 4721 1310 4797; baseline -0.012 -18"><span class='ocrx_word' id='word_1_349' title='bbox 314 4726 352 4789; x_wconf 78' lang='grc' dir='ltr'><strong>εἷς</strong></span> <span class='ocrx_word' id='word_1_350' title='bbox 372 4730 405 4780; x_wconf 81' lang='lat' dir='ltr'><strong>ra&#39;</strong></span> <span class='ocrx_word' id='word_1_351' title='bbox 422 4728 470 4797; x_wconf 77' lang='grc' dir='ltr'><strong>πῦρ</strong></span> <span class='ocrx_word' id='word_1_352' title='bbox 484 4727 513 4779; x_wconf 75' lang='grc' dir='ltr'><strong>τὸ</strong></span> <span class='ocrx_word' id='word_1_353' title='bbox 527 4724 637 4779; x_wconf 71' lang='lat' dir='ltr'><strong>cidaras.</strong></span> <span class='ocrx_word' id='word_1_354' title='bbox 658 4731 752 4778; x_wconf 73' lang='lat' dir='ltr'><strong>aonam</strong></span> <span class='ocrx_word' id='word_1_355' title='bbox 769 4729 814 4777; x_wconf 83' lang='lat' dir='ltr'><strong>tihi</strong></span> <span class='ocrx_word' id='word_1_356' title='bbox 827 4733 860 4774; x_wconf 81' lang='lat' dir='ltr'><strong>eat</strong></span> <span class='ocrx_word' id='word_1_357' title='bbox 876 4727 951 4772; x_wconf 84' lang='lat' dir='ltr'><strong>odoi·</strong></span> <span class='ocrx_word' id='word_1_358' title='bbox 1004 4724 1134 4782; x_wconf 65' lang='lat' dir='ltr'><strong>amamini</strong></span> <span class='ocrx_word' id='word_1_359' title='bbox 1150 4721 1310 4780; x_wconf 75' lang='lat' dir='ltr'><strong>iniquitatem.</strong></span> 
     </span>
    </p>

    <p class='ocr_par' dir='ltr' id='par_1_16' title="bbox 314 4809 952 4870">
     <span class='ocr_line' id='line_1_40' title="bbox 314 4809 952 4870; baseline -0.006 -13"><span class='ocrx_word' id='word_1_360' title='bbox 314 4816 364 4858; x_wconf 81' lang='lat' dir='ltr'><strong>tam</strong></span> <span class='ocrx_word' id='word_1_361' title='bbox 382 4813 475 4870; x_wconf 80' lang='lat' dir='ltr'><strong>inprcdi</strong></span> <span class='ocrx_word' id='word_1_362' title='bbox 493 4811 590 4860; x_wconf 80' lang='lat' dir='ltr'><strong>debilem</strong></span> <span class='ocrx_word' id='word_1_363' title='bbox 602 4811 640 4857; x_wconf 84' lang='lat' dir='ltr'><strong>uel</strong></span> <span class='ocrx_word' id='word_1_364' title='bbox 658 4811 874 4866; x_wconf 65' lang='lat' dir='ltr'><strong>chonomorem</strong></span> <span class='ocrx_word' id='word_1_365' title='bbox 892 4809 952 4854; x_wconf 76' lang='lat' dir='ltr'><strong>dacus</strong></span> 
     </span>
    </p>
   </div>
   <div class='ocr_carea' id='block_1_12' title="bbox 0 0 1816 5464">
    <p class='ocr_par' dir='ltr' id='par_1_17' title="bbox 0 0 1816 5464">
     <span class='ocr_line' id='line_1_41' title="bbox 0 0 1816 5464; baseline 0 1"><span class='ocrx_word' id='word_1_366' title='bbox 0 0 1816 5464; x_wconf 95' lang='lat' dir='ltr'><strong> </strong></span> 
     </span>
    </p>
   </div>
  </div>
 </body>
</html>
