3622 5464
646 326 912 380 oouuaaranrus
933 331 958 378 r.
1424 320 1462 385 tt

130 459 160 514 et
174 451 273 514 adbuc
290 449 513 515 aeternitatem
539 449 690 532 exprimi,
714 466 808 513 nemo
832 453 926 530 neget
945 448 1002 531 qui
1025 455 1187 533 praeterea
1211 451 1462 536 animadvertat,

130 582 216 646 bane
230 578 446 664 aequipollere
461 577 566 661 alteri,
586 577 753 662 eidemque
765 578 977 664 frequentiori
994 577 1050 666 42)
1068 557 1282 676 ῦξἾνζῐἼί-ἰί
1297 559 1463 679 ῠξῆνζηᾳ.

130 699 218 779 Ergo
235 697 327 762 etiarn
350 695 460 780 phrasi
484 695 522 761 ιὶς
547 694 609 761 ταώς
634 696 734 760 αἰώνας
759 699 810 755 τών
837 695 938 754 αἰώνων
962 697 1050 761 notio
1077 695 1185 763 subest
1209 699 1416 765 aeternitatis.

221 797 283 864 Sed
299 797 359 864 hae
381 796 490 883 phrasi
510 796 638 863 duratio
663 797 797 864 effertur
817 815 1007 882 poenarum,
1028 797 1145 882 quibus
1160 800 1301 883 improbi
1314 801 1464 885 plectun-

132 907 197 968 tur.
219 903 375 967 Aeternae
397 901 496 984 igitur
520 907 593 966 sunt
617 920 751 987 poenae,
774 901 892 986 quihus
921 903 1005 966 Dens
1026 903 1059 965 in
1085 901 1203 987 impios
1227 903 1461 969 animadvortit.
1541 915 1544 922 ’

511 1213 514 1222 ,
610 1126 920 1197 scuotrou
958 1129 985 1196 ι.

225 1363 277 1426 14.
303 1363 422 1427 Verum
446 1369 522 1427 sunt
544 1363 599 1446 qui
621 1369 801 1446 reponant,
826 1361 910 1428 hane
930 1362 1060 1445 infringi
1087 1363 1347 1444 conclusionem,
1374 1363 1465 1448 quod

134 1473 241 1533 textus
266 1470 451 1550 suppetant,
474 1465 508 1529 in
532 1465 650 1549 quibus
664 1464 790 1550 phrasis
814 1470 856 1532 εἰς
874 1464 936 1533 τοὺς
953 1468 1051 1533 αἰώνας
1070 1470 1120 1529 τών
1136 1468 1238 1526 αἰώνων
1262 1466 1465 1533 durationem

136 1567 286 1654 exprimit
310 1565 483 1651 aliquando
514 1567 697 1633 finiendam.
726 1570 768 1634 lt
790 1587 850 1654 ego
882 1589 992 1654 nego,
1022 1567 1178 1636 eiusmodi
1200 1575 1307 1635 textus
1330 1567 1463 1640 haberi:

136 1689 221 1754 nego
242 1670 294 1735 vel
316 1688 416 1736 unum
438 1669 546 1736 afferri
569 1668 678 1735 locum
706 1689 821 1756 posse,
851 1675 884 1737 in
909 1691 975 1757 quo
998 1673 1108 1758 phrasi
1133 1677 1173 1741 αἰς
1199 1673 1262 1740 ταώς
1287 1675 1387 1740 αἰώνας
1413 1676 1465 1735 ςών

138 1774 240 1836 αἰώνων
264 1773 326 1839 alia
344 1772 446 1838 subsit
462 1791 559 1856 quam
579 1781 754 1858 perpetuae
774 1774 952 1841 durationis
974 1775 1081 1841 notio:
1105 1784 1201 1861 atque
1217 1775 1346 1842 tandem
1366 1793 1465 1860 nego,

137 1882 263 1961 praeter
281 1879 549 1941 commemoratos
567 1894 585 1940 a
604 1873 698 1940 nobis
718 1877 772 1957 43)
793 1876 873 1942 alios
893 1874 1000 1942 adesse
1023 1883 1129 1944 textus
1149 1878 1184 1943 in
1202 1878 1321 1964 quibus
1339 1875 1467 1962 phrasis

140 1982 177 2048 αἰς
195 1979 257 2047 ςνώς
275 1979 372 2046 αἰώνας
388 1982 440 2040 ςών
458 1978 560 2037 αἰώνων
583 1985 743 2044 occurrat.
768 1978 872 2059 Quare
894 1978 969 2046 huie
991 1979 1164 2046 obiectioni
1183 1980 1222 2046 fit
1244 1981 1332 2062 satis,
1351 1984 1466 2063 negata

137 2083 324 2170 hypothesi.
349 2080 492 2164 Quodsi
516 2078 568 2146 eni
587 2081 647 2146 ista
672 2099 739 2147 non
761 2081 931 2164 sufficiant,
954 2083 980 2148 is
1000 2081 1104 2148 denuo
1125 2083 1246 2158 recolat
1266 2101 1349 2168 qnae
1370 2101 1466 2166 snpe-

137 2185 204 2252 rins
227 2186 279 2268 ff)
300 2184 546 2270 disputavimus.

605 2409 906 2482 SCHOLION
950 2414 995 2482 ll.

231 2678 283 2740 15.
308 2675 369 2742 sen
393 2679 498 2756 uuna,
529 2696 636 2744 nonne
657 2677 789 2761 phrases
818 2656 933 2773 nitri
966 2659 1061 2775 nni„
1096 2658 1272 2776 obtemp]
1293 2717 1301 2749 ‚
1322 2688 1355 2748 et
1375 2673 1468 2773 ntra

140 2807 252 2899 t'lfli'l
274 2818 364 2885 alteri
380 2820 475 2905 plane
490 2819 687 2906 respondent
710 2821 778 2914 iifl
800 2795 921 2915 tlss'lli?
938 2823 1028 2908 atqui
1043 2824 1116 2890 illae
1130 2824 1317 2909 frequenter
1330 2826 1364 2891 in
1378 2825 1468 2890 Psal-

137 2935 198 3002 mis
220 2944 394 3004 ooeurrunt
410 2937 478 3020 la),
498 2954 603 3022 neque
621 2943 730 3004 tamen
756 2945 941 3022 perpetuam
961 2937 1141 3020 significant
1161 2937 1376 3004 durationem.

226 3039 317 3122 Nego
338 3041 463 3124 priores
479 3039 612 3125 phrases
629 3040 802 3124 posteriori
815 3038 1028 3124 respondere:
1048 3057 1131 3124 nego
1150 3039 1219 3106 illas
1235 3040 1313 3106 huie
1329 3059 1396 3107 esse
1411 3058 1467 3124 ga-

139 3153 253 3218 minae.
277 3153 315 3218 ln
337 3153 401 3220 illis
424 3157 473 3236 'iti
492 3155 667 3240 praeeedit,
692 3157 727 3221 in
746 3156 808 3221 hae
833 3155 1050 3240 subsequitur.

228 3268 368 3334 Rursum
380 3269 485 3355 nego,
512 3272 670 3341 eiusmodi
694 3291 762 3340 esse
778 3271 935 3340 addnotos
951 3279 1068 3353 textus,
1092 3277 1130 3338 ut
1151 3272 1286 3356 intelligi
1305 3282 1469 3357 nequeant

140 3370 182 3437 ds
205 3373 405 3457 aeternitate,
428 3373 485 3440 sed
503 3393 584 3460 quae
610 3395 683 3443 oum
703 3376 848 3442 subiecto
868 3381 1036 3458 congruat,
1060 3389 1126 3458 quo
1152 3373 1194 3440 de
1215 3375 1332 3458 agitur.
1358 3374 1476 3466 Subli-J
1501 3379 1505 3390 '

138 3486 215 3552 liter
233 3489 359 3554 monuit
376 3489 540 3558 Gussetins
561 3492 602 3559 ad
620 3511 733 3559 vocem
753 3475 859 3577 nbtn,
881 3491 1022 3556 nativam
1044 3489 1183 3554 eiusdem
1201 3488 1468 3572 significationem
1528 3545 1531 3554 .

139 3589 225 3656 hano
247 3609 335 3672 esse,
358 3599 395 3659 ut
415 3593 537 3680 ubique
562 3596 693 3662 denotet
716 3596 918 3664 durationem
941 3595 1011 3676 rei,
1036 3600 1156 3677 quanta
1176 3611 1244 3658 esse
1266 3591 1387 3675 dehet',
1412 3612 1469 3659 sen

141 3688 235 3779 :lilii
257 3702 345 3780 idem
366 3709 472 3776 valore
494 3728 532 3777 ae
552 3711 668 3779 durare
687 3713 825 3795 tamdiu,
844 3709 999 3796 quamdiu
1023 3709 1138 3776 durare
1161 3729 1213 3774 res
1234 3709 1344 3776 debet.
1371 3709 1469 3795 Atqui

34 3841 36 3846 ·
138 3822 316 3908 impiorum
330 3824 450 3890 animae
466 3827 662 3896 immortales
680 3836 766 3896 sunt.
786 3831 871 3913 Ergo
887 3845 988 3913 quum
1005 3812 1099 3902 USltt
1113 3826 1155 3893 ad
1172 3845 1226 3893 eas
1241 3828 1390 3908 refertur,
1409 3826 1469 3893 dn-

138 3925 298 3990 rationem
319 3925 469 4010 exprimit
487 3928 560 3996 finis
586 3938 760 4016 expertem.

219 4163 616 4226 tall.0hron.1ll.tt',lflllll.
634 4171 777 4226 saliebam.
816 4171 859 4217 in
875 4169 994 4217 maenium
1014 4169 1119 4216 aaemtt:
1136 4141 1250 4232 &lys
1277 4140 1429 4244 525.OE
1448 4179 1468 4217 u

144 4235 335 4291 ttamen-t
349 4240 652 4296 inerubescentem
665 4243 780 4289 υνναίααα
876 4283 883 4296 ,
1003 4283 1008 4294 ,
1165 4235 1179 4258 ¹
1237 4233 1242 4258 ²
1271 4281 1297 4292 ..
1328 4233 1343 4256 *

142 4303 207 4348 Deras
215 4305 293 4352 lamp
303 4323 319 4354 a
330 4311 423 4357 ,mulo
433 4314 456 4357 ,p
467 4324 540 4372 mm.
550 4310 577 4358 p„
588 4313 714 4360 ,mlum
833 4285 881 4344 Qua
894 4283 1008 4340 fiendaata
1023 4285 1113 4328 terram
1129 4293 1199 4340 anper
1214 4281 1370 4327 stabilitatem
1386 4293 1466 4336 mam,

230 4377 265 4432 ω)
279 4379 387 4428 lamp·
405 4393 429 4428 n,
448 4389 480 4430 ω,
832 4386 879 4420 aon
903 4372 1059 4436 inclinabitur
1080 4372 1107 4418 ta
1127 4371 1247 4418 namium
1268 4371 1374 4428 meruit,
1403 4367 1469 4457 Ἱῃ

232 4449 554 4514 tllSoilloetnn.7.aaqq.
884 4491 890 4501 ,
1268 4502 1274 4514 ·
1439 4499 1444 4512 ι

179 4545 182 4550 -
231 4518 266 4573 ttl
279 4519 465 4582 Pacuuii.
474 4527 568 4574 Fidelis
577 4527 656 4575 amato
664 4530 779 4574 mndata
834 4477 928 4567 0579
952 4503 1001 4552 cll.
1017 4509 1052 4550 tt:
1067 4502 1204 4550 Nemaea
1216 4500 1469 4548 masadamulrodaa-

142 4631 204 4690 ω,
222 4635 362 4692 mmmm
374 4636 402 4684 ὑ,
413 4641 533 4688 mlum
547 4644 649 4706 mu,
663 4616 778 4710 05qu
833 4568 888 4644 ram
900 4609 1016 4653 meorum,
1032 4596 1059 4642 ia
1068 4595 1241 4656 perorationem
1252 4598 1275 4642 at
1283 4593 1467 4654 promotionem,

694 4709 708 4734 ⁷
764 4709 771 4735 ¹
833 4701 945 4765 nim
972 4703 1062 4765 ἾΠΞ
1084 4701 1419 4760 απαιὶίαώῦῐ.0.ι,ΰῐιῗ.
1437 4708 1470 4757 ιο,

142 4731 224 4848 W}
237 4763 358 4812 cmm.
380 4773 401 4812 aa
417 4769 507 4815 Statuit
527 4785 554 4817 so
573 4775 599 4818 ta
617 4778 738 4818 satanam
757 4778 779 4819 el
833 4769 937 4861 m'm
959 4821 992 4862 n·
1049 4769 1055 4793 '
1343 4823 1344 4826 Ἰ
