3622 5464
327 325 366 390 10
735 341 780 388 ΙΙΙ
800 342 1032 392 min
1054 345 1238 396 muli!

320 455 870 542 mammmummnornimtm
892 459 1206 545 patria,·dlii,...
1230 463 1373 530 ‚maan
1398 471 1496 550 pactu
1522 483 1561 532 cx
1592 483 1661 534 usu

235 629 238 638 ,
321 556 482 624 interdum
497 559 678 644 improprio
695 579 812 626 vocum
832 546 940 644 abac,
956 567 1038 640 aida,
1055 573 1225 648 aetrmcar,
1246 565 1337 632 netas
1362 573 1411 632 est
1425 565 1562 650 inferre,
1582 566 1663 634 illas

322 680 381 746 per
400 680 434 728 se
457 668 554 747 atque
577 662 725 730 absolute
749 665 782 729 in
807 668 942 752 proprio
963 673 996 734 ct
1016 667 1115 734 obrio
1139 687 1234 734 sensu
1258 669 1460 755 accipiendas
1481 689 1547 737 non
1571 688 1657 737 case.

413 767 485 832 Uuo
502 764 615 846 ambo,
630 765 664 832 id
680 765 742 832 sibi
758 767 971 852 persuadeant
986 789 1113 837 nemeae
1126 777 1192 851 cst,
1209 772 1266 856 qui
1281 773 1477 858 improprios
1490 779 1524 839 et
1539 775 1661 860 exqui-

325 868 406 946 sitos
426 874 651 933 consectantur
664 887 790 934 sensus:
813 870 940 938 admitti
962 873 1039 956 bos,
1055 871 1251 958 probarique
1266 893 1332 940 nau
1351 892 1460 960 posse,
1482 875 1540 940 nisi
1557 875 1661 942 certis

322 969 552 1038 confirmentur
568 973 730 1038 rationum
746 977 927 1041 momentis.
950 975 1110 1058 Quamdiu
1129 976 1206 1042 baec
1220 975 1342 1057 desint,
1363 977 1416 1044 vel
1429 995 1497 1044 non
1513 977 1662 1045 aileran-

322 1080 400 1155 tur,
426 1075 550 1142 tamdiu
574 1075 732 1155 legitimae
759 1076 1031 1162 interpretationis
1057 1097 1195 1144 canones
1221 1079 1376 1163 exigunt,
1407 1098 1448 1146 ne
1475 1097 1495 1146 a
1522 1077 1662 1166 propria

324 1178 551 1261 communique
571 1177 772 1262 significandi
793 1181 912 1246 virtute
936 1180 1133 1249 recedamus.

412 1279 559 1346 Succedit
577 1280 618 1344 ll.
634 1279 717 1346 ratio
733 1283 858 1347 directo.
875 1283 1002 1363 Quaero
1016 1283 1131 1368 igitur,
1148 1299 1190 1346 aa
1206 1280 1393 1367 aliquando,
1410 1300 1452 1348 su
1469 1281 1661 1366 rreqcamcr

323 1402 420 1450 voces
437 1371 543 1464 obstr,
561 1391 644 1459 atas,
660 1391 829 1465 aeternam,
848 1387 883 1450 in
900 1384 1006 1451 bibliis
1021 1385 1058 1450 id
1077 1383 1248 1465 denotent,
1267 1385 1356 1469 quod
1378 1392 1572 1471 perpetuum
1586 1390 1657 1466 eat,

324 1492 357 1550 et
369 1483 432 1552 fine
448 1486 557 1553 caret?
571 1487 830 1570 Imperitissimus
845 1490 901 1569 sit,
920 1490 974 1572 qui
989 1488 1071 1553 banc
1085 1487 1372 1572 frequentissimam
1385 1487 1659 1572 significationem

324 1590 357 1654 in
375 1588 509 1655 dubium
526 1597 667 1656 revocet.
683 1591 754 1671 Qua
770 1608 848 1672 ergo
864 1596 992 1655 utemur
1006 1586 1131 1672 regula,
1153 1596 1189 1654 ut
1204 1596 1292 1656 certo
1311 1597 1504 1672 statuamus,
1523 1587 1659 1674 quaudo

324 1689 579 1775 frequentissima
609 1691 689 1758 baec
716 1691 927 1776 significatio,
951 1700 984 1756 et
1007 1691 1139 1775 quando
1163 1693 1262 1758 altera
1287 1710 1325 1758 ac
1350 1693 1529 1777 impropria
1554 1693 1659 1776 accipi

325 1792 467 1858 debeat?
483 1794 606 1876 Regula
624 1794 703 1860 haec
719 1797 795 1860 erit:
815 1803 852 1860 ut
868 1795 1121 1878 frequentissima
1136 1795 1329 1876 significatio
1344 1797 1440 1860 toties
1457 1795 1656 1880 accipiatur,

313 1897 453 1981 ¹quoties
473 1915 577 1981 neque
599 1897 633 1962 in
654 1903 806 1962 contextu
825 1898 1024 1963 limitationis
1045 1899 1213 1983 vestigium
1234 1899 1390 1976 occurrit,
1411 1915 1516 1982 neque
1536 1897 1659 1964 limita·

324 2002 394 2063 tum
419 2017 546 2064 sensum
569 1999 733 2083 postulant
755 2000 807 2064 vel
831 2003 877 2066 rei
903 2008 1038 2081 natura,
1066 2001 1118 2067 vel
1144 2000 1320 2068 bibliorum
1342 2007 1374 2066 et
1397 1999 1472 2066 fidoi
1495 2001 1654 2084 analogia.

325 2103 425 2185 Atqui
448 2121 553 2187 neque
575 2104 620 2168 rei
644 2110 776 2186 natura,
799 2114 903 2188 neque
924 2105 1098 2170 bibliorum
1120 2111 1153 2170 et
1175 2103 1250 2169 fidei
1273 2104 1419 2186 analogia
1440 2104 1593 2188 exigunt,
1618 2109 1657 2169 ut
1781 2147 1782 2166 ι

325 2222 447 2287 poenae
473 2204 631 2288 improbis
656 2205 794 2272 inflictae
820 2206 980 2272 desiturae
1006 2207 1199 2289 credantnr;
1223 2213 1256 2272 et
1279 2213 1469 2286 contextus,
1493 2205 1579 2271 unde
1602 2212 1655 2270 te·
1781 2257 1782 2264 ,

325 2307 474 2372 stimonia
500 2307 732 2391 desumpsimus
758 2313 830 2391 19),
858 2328 898 2376 ne
924 2309 1070 2375 umbram
1098 2309 1230 2396 quidem
1256 2311 1421 2376 continent
1444 2309 1654 2376 limitationis.

327 2411 412 2494 Ergo
435 2429 499 2474 non
521 2411 699 2494 impropria
720 2415 753 2475 et
774 2411 927 2494 limitata,
952 2412 1007 2478 sed
1030 2414 1164 2498 propria
1185 2419 1219 2478 et
1235 2413 1382 2479 absoluta
1404 2409 1592 2496 significatio
1618 2429 1656 2477 ea
1781 2389 1782 2412 ἶ

327 2521 393 2594 est,
419 2533 502 2599 quae
524 2513 627 2595 accipi
649 2512 758 2578 debet.

416 2616 540 2680 9.1ιιιι
561 2614 603 2679 ad
620 2615 763 2698 exempla
783 2615 874 2700 quod
895 2617 1027 2696 attinet,
1047 2616 1284 2682 animadverto:
1306 2636 1344 2682 ea
1362 2617 1471 2682 omnia
1486 2621 1518 2680 et
1533 2614 1657 2699 singula

327 2719 386 2786 abs
404 2737 438 2784 re
462 2736 551 2798 esse,
576 2724 609 2782 et
634 2718 756 2801 duplici
782 2719 913 2804 quidem
936 2717 977 2784 de
998 2738 1120 2784 caussa.
1149 2721 1215 2786 Aut
1237 2720 1321 2784 enim
1346 2739 1384 2784 ex
1410 2737 1520 2785 errore
1540 2718 1656 2785 eisdem

327 2821 481 2888 tribuitur
498 2820 650 2886 limitatus
668 2839 797 2902 sensus,
817 2820 912 2885 vel
889 2841 915 2886 ιι
937 2822 1073 2903 merito,
1099 2821 1173 2888 ideo
1194 2829 1262 2904 est,
1284 2823 1361 2906 quia
1381 2820 1579 2945 limitationis
1600 2839 1656 2886 uo·

327 2942 391 3008 que
417 2923 554 2988 obscura
564 2940 701 3007 ,neque
721 2922 823 2988 dubia
843 2929 1021 3008 suppetunt
1045 2922 1173 2990 indicia.

414 3026 580 3090 Limitatus
604 3043 713 3090 sensus
735 3024 848 3090 male
839 3028 878 3091 ris
899 3024 1063 3110 attingitur
1082 3024 1291 3105 testimoniis,
1316 3042 1400 3109 quae
1420 3025 1546 3089 statutis
1567 3024 1654 3107 lega·

326 3129 411 3195 libus
437 3133 641 3192 artemitatem
667 3129 740 3213 plns
769 3127 867 3194 semel
893 3128 1069 3195 vindicant.
1099 3130 1211 3214 Neque
1236 3129 1320 3194 enim
1345 3127 1515 3196 aeternitas
1540 3126 1656 3194 eisdem

329 3233 479 3298 asseritur
499 3231 532 3296 in
553 3249 588 3296 se
606 3230 773 3315 spectatis,
793 3231 850 3297 sed
868 3239 1052 3316 comparate
1074 3231 1115 3298 ad
1135 3231 1335 3316 antitypum,
1355 3231 1411 3314 qui
1432 3236 1580 3296 aeternus
1603 3228 1655 3294 lu·

327 3341 420 3399 turus
441 3339 526 3414 erat,
546 3340 580 3396 et
601 3334 692 3398 cuius
712 3333 767 3400 illa
789 3333 920 3400 umbrae
942 3333 1073 3400 fuerunt
1091 3339 1124 3398 et
1144 3333 1307 3416 imagines.
1334 3329 1427 3398 Uuds
1445 3331 1480 3396 in
1502 3327 1657 3396 eiusmodi

327 3436 408 3501 locis
433 3454 470 3500 ea
494 3434 619 3500 obtinet
642 3435 844 3519 loquutionis
869 3436 989 3519 figura,
1015 3453 1078 3520 qua
1102 3438 1187 3517 siquo
1213 3453 1250 3499 ea
1273 3434 1480 3513 tribuantur,
1509 3449 1592 3517 quac
1613 3437 1657 3495 rai

327 3543 461 3618 aquator
477 3539 609 3622 propria
633 3544 719 3603 sunt.

416 3640 571 3718 Rursum,
590 3639 743 3704 limitatus
755 3658 865 3704 sensus
882 3640 921 3705 iis
935 3641 1124 3706 testimoniis
1140 3639 1222 3706 male
1237 3638 1414 3722 affingitur,
1432 3636 1550 3722 quibus
1567 3652 1656 3721 prae·

329 3737 448 3808 dicitnr
473 3741 570 3822 iore,
597 3747 634 3808 ut
655 3742 888 3809 animadversio
916 3744 998 3824 Dei,
1029 3742 1105 3808 licet
1130 3742 1340 3827 temporalis,
1367 3743 1400 3806 iu
1425 3738 1592 3828 improbos
1616 3737 1655 3802 sit

328 3853 481 3911 artemam
507 3845 670 3912 duratura.
697 3847 820 3912 Etenim
844 3853 970 3911 aeterna
993 3845 1119 3913 duratio
1142 3845 1215 3912 ideo
1240 3843 1506 3910 animadversioni
1528 3848 1655 3926 tempo·

328 3947 388 4013 nali
407 3947 616 4031 adscribitur,
643 3947 732 4032 quod
757 3947 836 4013 baec
852 3953 903 4028 11)
921 3955 1083 4032 spectetur
1104 3947 1203 4013 veluti
1225 3947 1389 4012 inchoatio
1411 3945 1568 4031 quaedam
1590 3943 1657 4009 aui·

328 4049 578 4131 madversionis,
605 4068 692 4135 quae
706 4050 874 4134 improbos
896 4051 1034 4116 manet
1024 4070 1060 4115 ru
1082 4050 1180 4116 altera
1201 4051 1279 4114 vita.

417 4153 525 4233 item,
549 4152 703 4218 limitatus
725 4171 835 4219 seusus
856 4153 895 4218 iis
916 4152 1104 4234 testimoniis
1130 4151 1291 4218 immerito
1321 4149 1507 4232 affingitur,
1543 4145 1657 4232 quibus

328 4257 489 4318 aeternetur
510 4264 608 4319 terrae
627 4257 699 4335 12),
728 4262 760 4319 ei
779 4275 938 4337 corporum
957 4258 1124 4320 coelestium
1149 4251 1203 4341 13)
1225 4253 1482 4338 depraedicatam
1506 4249 1654 4334 Nuspittm

408 4410 441 4466 ¹⁰)
456 4408 517 4455 Vide
534 4419 558 4454 ιι.
575 4416 596 4454 a.
1102 4409 1134 4464 ιι)
1150 4408 1238 4453 Eccles.
1258 4408 1277 4452 1.
1294 4413 1323 4452 t:
1349 4403 1473 4450 decoratio
1487 4401 1619 4460 martell,
1636 4403 1657 4444 et

409 4481 442 4537 11)
456 4481 540 4526 lerem.
553 4480 625 4525 XXV.
638 4486 665 4525 t:
680 4480 825 4538 laterjtcium
838 4495 882 4538 cos,
897 4485 919 4526 et
931 4494 971 4540 po-
1021 4480 1140 4538 penerata'o
1161 4479 1276 4533 aduenit,·
1296 4480 1362 4522 terra
1386 4479 1467 4521 autem
1487 4475 1514 4519 in
1538 4479 1656 4519 aetnam

329 4569 386 4601 nam
404 4567 441 4599 eos
459 4554 486 4598 ia
502 4557 620 4610 stuporem
637 4556 660 4597 et
671 4552 697 4597 ia
707 4553 816 4608 nibilum,
834 4556 857 4597 et
873 4553 899 4598 ιἰι
911 4553 969 4598 soti·
1022 4555 1078 4597 stat.

329 4627 422 4672 iudices
438 4625 600 4681 sempiternas.
615 4624 653 4669 Ll.
672 4631 712 4670 ab:
727 4624 760 4669 In
777 4625 856 4670 calore
872 4637 966 4678 aarum,
1103 4624 1136 4679 ta)
1150 4622 1319 4670 recurrit.
1329 4627 1349 4667 u:
1359 4619 1447 4666 Statuit
1457 4632 1485 4665 ra
1494 4619 1654 4670 inaetemrror,

329 4711 416 4757 porram
428 4702 496 4756 patus
509 4709 599 4752 ιονιιιιι,
613 4699 635 4740 et
646 4695 766 4742 inebriabo
776 4709 826 4752 eoa,
839 4699 867 4740 art
876 4696 971 4752 copiare·
1022 4699 1044 4739 et
1061 4694 1088 4740 irc
1103 4695 1222 4740 curulum
1239 4691 1329 4738 saeculi
1336 4708 1346 4750 ,-
1364 4695 1515 4750 praeceptam
1529 4688 1618 4748 posuit,
1636 4693 1656 4730 at

330 4775 382 4826 tar,
396 4775 418 4816 et
432 4769 554 4815 dormiant
566 4781 675 4814 somnam
689 4768 871 4826 sempiternum,
887 4771 911 4812 et
922 4779 970 4812 naa
1022 4779 1069 4812 noa
1083 4765 1231 4823 praeteribit.

329 4844 489 4898 concurrant,
507 4840 566 4886 dicit
585 4840 710 4886 Dominus.
