3622 5464
325 321 365 386 tt
732 333 776 382 na
797 333 1026 384 mensuare
1048 333 1231 383 murreus

324 465 381 520 tera
408 455 595 520 mirarem
618 452 688 534 stt:
714 457 954 538 repraesentant
976 451 1145 518 damnatos
1167 452 1266 518 veluti
1290 451 1346 536 qui
1367 455 1480 534 βρυγμῷ
1504 449 1647 524 iissem,

323 561 455 622 dentium
477 557 605 620 stridore
626 556 700 633 05),
724 555 938 638 impatientem
960 555 1121 620 cruciatus
1139 555 1297 636 animum,
1322 553 1465 638 iramque
1491 553 1651 620 adversus
1675 577 1681 585 ·

324 661 426 724 Deum
449 659 658 742 impotentem
682 655 886 722 manifestent
907 657 972 737 00).

414 759 462 826 sd
478 759 575 839 haec,
593 758 615 822 ii
631 763 706 824 suut
721 756 880 839 damnati,
901 756 959 842 qni
976 755 1131 822 dicuutur
1146 756 1188 823 ah
1206 757 1355 842 apostolo
1372 759 1424 840 07)
1446 766 1527 824 σκεύη
1543 761 1648 838 ὀργῆς,

324 881 395 926 cose
417 863 497 940 irae,
519 865 551 926 et
573 868 652 926 σιιύη
678 866 715 927 εἰς
732 863 859 940 ἀτιμίαν,
884 879 957 924 voro
979 860 1021 923 od
1034 860 1175 940 dedecus,
1202 861 1348 924 nimirum
1368 877 1443 926 vasa
1460 859 1649 942 immunda,

326 981 401 1029 vase
419 961 542 1028 inutilia
567 963 723 1047 Domino,
748 969 780 1027 et
802 959 842 1026 ed
867 961 990 1027 nullum
1014 979 1098 1045 opus
1121 960 1244 1026 honum
1269 959 1405 1041 idonea,
1431 961 1648 1046 quemadmo-

326 1063 401 1129 dum
430 1063 552 1128 eruitur
577 1083 615 1129 ex
646 1063 858 1148 descriptione
891 1080 1041 1128 uasorum
1068 1063 1102 1128 iu
1132 1061 1309 1148 honorem,
1338 1082 1422 1149 qnae
1451 1064 1585 1131 habetur
1611 1066 1650 1130 iu

324 1167 422 1232 altera
442 1164 482 1230 ad
497 1165 700 1232 Timotheum
722 1165 857 1250 epistola
872 1165 938 1246 98).
966 1166 1034 1247 Age
1052 1165 1133 1244 iam,
1152 1165 1224 1249 quis
1241 1182 1314 1230 cum
1331 1166 1394 1232 hoc
1408 1171 1492 1231 statu
1510 1167 1646 1245 mortis,

325 1268 547 1349 tenebrarum,
566 1268 726 1350 caliginis,
746 1265 991 1352 desperationis,
1012 1267 1078 1332 irae
1095 1267 1252 1333 immissae
1269 1266 1440 1354 divinitus,
1458 1267 1651 1348 dedecoris,
1760 1259 1763 1268 '

325 1371 571 1456 resipiscentiam
591 1375 782 1453 componat,
808 1376 840 1434 et
864 1369 1254 1436 animirenovsuonent

412 1473 444 1536 si
464 1471 504 1538 de
522 1470 747 1538 damnatorum
771 1489 837 1555 quo
859 1468 922 1536 late
943 1477 1031 1555 patet
1050 1488 1165 1554 genere
1184 1471 1254 1538 lieri
1272 1472 1457 1539 coniectura
1478 1479 1583 1560 potest
1605 1492 1647 1538 ex

327 1573 455 1640 diabolo
474 1580 506 1638 et
522 1575 642 1657 angelis
661 1573 747 1656 eius,
767 1571 845 1637 nihil
862 1573 1059 1656 exploratius
1075 1591 1172 1657 quam
1195 1573 1352 1640 damnatis
1368 1574 1409 1640 ed
1425 1594 1524 1641 unum
1540 1575 1649 1642 omni·

327 1677 387 1742 bus
411 1676 620 1742 firmissimam
641 1695 708 1742 esse
728 1676 762 1741 in
784 1682 917 1761 peccato
941 1674 1147 1742 voluntatem.
1173 1677 1285 1742 Peecat
1304 1676 1345 1743 ab
1365 1678 1455 1743 initio
1478 1677 1646 1760 diabolus,
1776 1713 1777 1728 .

325 1787 372 1844 est
396 1779 436 1842 eh
460 1779 552 1843 initio
576 1777 758 1860 homicida,
787 1785 876 1862 pater
899 1775 1073 1857 mendacii,
1099 1777 1231 1843 tratrem
1253 1785 1435 1861 accumtor,
1462 1781 1496 1844 in
1516 1799 1646 1846 omnem

327 1881 466 1946 intentus
483 1881 682 1945 occasionem
698 1878 851 1964 perdendi
868 1878 1027 1960 homines,
1047 1897 1175 1964 serpens
1191 1881 1354 1964 antiquus,
1377 1881 1481 1964 etqui
1500 1880 1648 1947 struendi

327 1982 454 2050 insidias
474 1982 603 2048 modum
625 1982 754 2048 adhibet
776 1981 897 2048 nullum
920 1978 996 2068 99);
1022 1980 1106 2047 unde
1128 1982 1308 2066 emphatice
1330 1991 1344 2044 t
1365 1995 1482 2066 sompes
1500 1983 1647 2069 appella·

326 2093 381 2153 tur
410 2089 492 2167 100).
520 2087 607 2151 Haec
629 2086 728 2170 patris
752 2090 799 2151 est
822 2083 966 2166 indoles,
995 2091 1028 2149 et
1047 2103 1085 2149 ex
1103 2102 1140 2150 ea
1163 2085 1318 2155 aestimari
1333 2093 1458 2172 potest,
1484 2103 1565 2171 qnae
1592 2088 1646 2150 iu-

327 2189 415 2254 doles
435 2190 475 2253 sit
499 2186 655 2270 illiorum,
675 2187 788 2268 idest,
817 2186 1027 2272 reproborum
1045 2187 1209 2269 omnium,
1228 2190 1284 2274 qui
1303 2195 1427 2274 patrem
1445 2189 1563 2256 habent
1577 2189 1648 2256 dia-
1777 2211 1778 2250 r

327 2291 454 2372 bolum,
479 2296 512 2354 et
534 2289 635 2374 putris
661 2307 757 2374 opera
777 2288 942 2353 imitantur
967 2284 1055 2374 101).

417 2393 470 2455 30.
496 2392 640 2474 Denique
661 2391 720 2455 Ill.
746 2388 976 2474 resipiscentiae
996 2396 1027 2454 et
1048 2391 1263 2458 renovationis
1284 2391 1506 2480 damnatorum
1527 2392 1648 2458 nnllam

332 2493 457 2576 concipi
484 2509 571 2576 spem
590 2508 701 2574 posse,
725 2508 820 2555 exeo
848 2497 990 2574 conatu,
1019 2491 1107 2574 quod
1130 2511 1211 2576 qnae
1236 2501 1309 2560 suut
1334 2495 1525 2560 necessariae
1547 2511 1646 2558 reno·

333 2595 469 2659 ustionis
486 2595 551 2659 sive
567 2611 714 2671 caussae,
737 2594 803 2656 sive
820 2592 1036 2676 conditiones,
1056 2613 1112 2658 ese
1127 2605 1199 2660 cuni
1217 2602 1301 2662 stetu
1318 2595 1539 2663 damnatorum
1556 2615 1647 2662 com-

330 2697 406 2781 poni
433 2701 602 2779 nequeant.

419 2799 570 2882 Princeps
589 2804 622 2862 et
643 2797 750 2882 potior
769 2797 982 2862 renovationis
1005 2789 1111 2860 caussa
1133 2803 1180 2860 est
1197 2817 1281 2862 umor
1298 2803 1374 2882 Dei,
1391 2807 1423 2866 et
1443 2801 1646 2865 misericordia

329 2921 393 2986 qua
414 2901 557 2966 homines
579 2900 793 2984 prosequitur.
817 2897 878 2963 Sed
900 2915 1004 2982 neque
1029 2899 1146 2984 amori,
1170 2918 1274 2984 neque
1298 2902 1530 2969 misericordiae
1554 2903 1647 2969 locus
1778 2901 1779 2904 ’

329 3009 472 3087 superest
486 3001 598 3086 aliquis
614 3007 688 3086 post
703 3006 841 3085 spretum
865 2999 985 3065 tamdiu
1005 3000 1146 3066 divinem
1168 3001 1440 3086 longanimitatem
1462 3007 1552 3087 rou),
1573 3013 1647 3092 post
1778 3033 1779 3048 .

331 3105 489 3168 occlusam
513 3105 639 3168 ienuam
663 3099 756 3188 103),
777 3109 945 3186 postquam
966 3102 1077 3184 eiecti,
1100 3109 1132 3167 et
1156 3121 1174 3167 a
1200 3106 1258 3184 Dei
1276 3105 1427 3172 societate
1448 3107 1566 3172 exclusi
1590 3125 1648 3192 pe-

331 3209 414 3272 nitus
436 3207 583 3288 luerunt,
611 3222 692 3290 quos
714 3205 847 3290 ipsemet
870 3205 929 3270 Dei
956 3205 1054 3270 Filius
1076 3208 1245 3272 maledictos
1274 3210 1343 3291 tut)
1368 3209 1550 3292 compellat.

417 3309 561 3376 Succedit
586 3311 741 3372 oaedtorio
761 3327 893 3390 caussa,
913 3325 995 3390 quac
1016 3307 1130 3374 Christi
1157 3310 1359 3393 passionibus
1382 3318 1414 3376 et
1429 3296 1647 3377 'satisfactione

260 3438 264 3446 ·
330 3412 523 3476 continetur.
544 3412 642 3496 Atqui
658 3411 785 3493 sanguis
809 3411 902 3492 agni,
928 3411 984 3493 qni
1011 3408 1051 3473 ah
1075 3411 1199 3493 origine
1223 3411 1334 3476 mundi
1355 3412 1480 3478 occisus
1495 3419 1561 3493 est,
1581 3431 1646 3478 non

333 3515 408 3579 illos
436 3515 560 3595 abluit,
582 3516 639 3598 qui
664 3513 704 3578 ab
729 3511 842 3577 eodem
864 3530 948 3596 agno
975 3512 1008 3576 in
1033 3511 1086 3577 die
1112 3531 1187 3596 sua,
1210 3514 1241 3578 in
1267 3513 1318 3580 die
1339 3515 1449 3581 iudicii
1476 3521 1508 3580 et
1532 3515 1648 3582 luroris

281 3643 283 3650 ’
331 3619 487 3682 sententio
513 3617 745 3682 meledictionis
770 3614 937 3678 feriuntur.

418 3719 559 3784 Tandem
575 3725 612 3783 ut
632 3720 717 3782 Deus
733 3734 788 3780 sua
808 3721 972 3799 permotus
993 3715 1155 3796 bonitate,
1173 3717 1291 3783 intuitu
1307 3721 1494 3792 meritorum
1510 3719 1644 3800 Christi,

332 3820 480 3886 iustifieet
507 3822 659 3905 impium,
679 3837 805 3885 neeeme
827 3823 876 3882 est
901 3823 937 3881 ut
959 3817 1077 3901 impius
1098 3818 1224 3895 credat,
1253 3827 1373 3903 speret,
1402 3821 1528 3906 diligat,
1556 3827 1589 3886 et
1609 3820 1647 3886 ad

332 3923 532 3989 corrediens
557 3929 760 4002 eonvertatur
783 3939 801 3986 a
824 3921 884 3985 viia
908 3919 973 3984 suis
994 3921 1148 4004 pessimis.
1176 3921 1237 3987 Sed
1261 3922 1415 3990 haetenus
1435 3923 1645 4007 confecimus,

204 4102 209 4112 ¹
332 4042 387 4090 eos
402 4043 468 4089 csse
485 4024 656 4109 reprobos,
673 4024 728 4107 qui
745 4022 772 4088 si
786 4020 922 4088 creduut
937 4027 970 4086 et
984 4023 1250 4105 contremiscunt,
1268 4044 1332 4090 non
1347 4025 1466 4091 idcirco
1482 4024 1531 4091 rel
1546 4027 1648 4090 Deum

420 4215 456 4266 01)
469 4213 525 4259 tuo.
544 4212 615 4258 xxii.
632 4217 666 4267 stt,
681 4211 771 4257 coloss.
788 4211 805 4256 t.
826 4216 857 4255 ia.
1104 4212 1140 4268 aa)
1154 4213 1211 4258 Gen.
1226 4215 1265 4259 111.
1279 4219 1312 4270 rs,
1324 4213 1375 4259 toh.
1387 4213 1448 4258 Vllt.
1460 4219 1496 4268 et,
1507 4213 1526 4258 l.
1543 4211 1595 4260 ioh.
1607 4212 1646 4259 ill.

419 4285 453 4341 ss)
467 4283 550 4330 uorsa.
565 4284 626 4328 vus
645 4291 681 4338 rs,
700 4284 760 4328 xm.
778 4287 813 4337 sc,
834 4281 907 4327 xxu.
926 4287 963 4336 ra,
1018 4282 1123 4339 empse.
1135 4283 1186 4329 xri.
1198 4289 1259 4340 7·17,
1271 4284 1300 4329 11.
1312 4285 1366 4330 eor.
1381 4285 1504 4338 rv.s‚...

331 4357 412 4406 xxiv,
425 4362 459 4411 at,
472 4356 544 4400 xxv.
556 4361 591 4409 att,
605 4355 653 4399 Luc
673 4355 733 4402 xur.
746 4359 789 4400 aa..
1105 4355 1151 4411 100)
1165 4354 1249 4400 tdatth.
1277 4355 1338 4400 xiil.
1363 4360 1406 4409 ta,
1431 4360 1472 4411 es,
1498 4355 1516 4400 l.
1540 4355 1593 4401 Ioh.
1619 4355 1647 4402 ll.

418 4419 453 4473 eo)
467 4417 552 4464 center
567 4415 702 4472 euicerunt,
718 4427 774 4462 voce
793 4407 921 4482 βρυγμός.
1017 4429 1051 4477 η,
1064 4431 1095 4470 tt.

419 4501 455 4550 er)
469 4498 535 4541 nom.
551 4497 594 4548 tx,
609 4502 644 4552 nr,
659 4503 694 4542 aa.
1107 4497 1152 4551 101)
1166 4494 1290 4541 tohvttl.
1302 4497 1414 4551 41,11,1.
1426 4494 1476 4541 toh.
1490 4496 1529 4543 111.
1541 4503 1563 4553 e,
1576 4501 1610 4544 ιο.

419 4569 455 4622 00)
468 4568 497 4613 ΙΙ.
512 4567 571 4611 tha
585 4568 615 4611 ll.
630 4573 665 4612 tt:
679 4567 705 4611 Si
718 4565 770 4625 quia
781 4579 835 4624 erpo
847 4567 962 4612 muodo·
1106 4569 1153 4624 tue)
1167 4570 1234 4614 Rom.
1252 4567 1280 4613 ll.
1297 4573 1346 4612 t·o.

331 4637 392 4687 verit
407 4651 431 4682 ae
446 4638 476 4683 oh
493 4637 557 4694 istis,
573 4637 620 4681 erit
633 4650 675 4682 oua
691 4638 717 4682 io
733 4639 842 4683 horrorem
858 4638 963 4696 aunetffl·
1108 4638 1152 4695 103)
1166 4637 1248 4685 natm.
1266 4639 1337 4684 XXV.
1355 4643 1388 4685 10.
1404 4648 1471 4696 seqq.

332 4714 425 4764 cotum,
447 4714 469 4755 et
490 4710 548 4756 utile
571 4709 685 4764 Domino,
710 4710 744 4758 od
762 4721 829 4758 omos
848 4723 905 4768 apres
923 4710 963 4788 qo·
1106 4710 1152 4766 101)
1168 4709 1227 4756 lbld.
1247 4720 1270 4754 v.
1285 4715 1322 4754 11.

331 4793 388 4830 num
403 4785 524 4844 paratum.
