3622 5464
669 330 937 380 conturbatus
958 332 983 378 ι.
1463 317 1497 378 11

168 457 254 525 enim
270 455 304 520 in
323 451 434 518 bibliis
455 449 624 514 mnodo
645 455 769 526 tcum,
792 453 825 514 et
847 446 1034 514 coelestium
1057 464 1234 530 corporum
1255 446 1432 514 destructio
1458 451 1500 512 st.

169 555 319 642 guiberto
339 552 511 637 reperitur.

257 659 417 742 Denique,
433 655 516 722 male
531 652 573 720 ad
594 653 763 718 limitatum
783 671 910 718 sensum
933 658 1102 718 coercetur
1117 651 1209 737 quod
1225 651 1361 736 legimus
1381 656 1414 718 in
1437 653 1500 718 Ge·

170 787 379 856 aecasttbro
398 787 469 866 14);
489 789 560 849 Erit
569 784 679 863 sordes
696 801 794 846 meum
809 784 843 846 iu
858 802 950 846 carue
963 793 1063 849 cestra
1079 757 1173 877 Civili?
1203 758 1320 876 1111,ζῇ
1349 789 1382 848 iu
1391 783 1501 862 foedus

169 910 332 966 aeteruum.
363 900 488 965 Etenim
515 899 676 981 legitimus
701 898 819 963 horum
849 898 1024 962 verborum
1048 918 1159 964 seusus
1184 905 1254 964 est:
1287 900 1355 964 Erit
1376 901 1500 982 signnm

169 1002 307 1070 foederis
328 1005 391 1068 mei
413 1003 445 1066 in
467 1019 561 1066 earne
587 1007 692 1064 uestra
714 1001 749 1064 in
771 1002 896 1083 siguum
923 1000 1060 1066 laederis
1080 1001 1216 1083 oeterni,
1240 1003 1327 1067 illius
1350 1002 1501 1067 nimirum

169 1106 325 1188 foederis,
352 1121 419 1189 quo
435 1106 485 1184 15)
502 1103 606 1167 eidem
620 1103 827 1186 promiserat,
853 1102 948 1167 soilli
968 1103 1038 1167 lore
1054 1104 1087 1167 iu
1101 1105 1216 1169 Deum.
1233 1107 1304 1169 Huc
1319 1105 1439 1188 puriter
1451 1103 1501 1168 ia·

169 1210 258 1274 cium
270 1225 354 1292 quae
370 1205 530 1270 habentur
540 1205 572 1268 in
588 1205 800 1269 Numerorum
816 1203 901 1269 libro
919 1201 992 1291 16):
1010 1209 1117 1270 Omnes
1126 1213 1279 1288 primitius
1294 1212 1498 1270 sanctuarii...

170 1315 225 1394 tibi
239 1309 312 1374 dedi
315 1357 324 1386 ‚
344 1310 458 1388 etflliis
472 1328 507 1370 ac
514 1309 642 1387 filiabus
657 1311 735 1390 tuis,
753 1313 818 1371 ture
832 1315 975 1389 perpetuo
988 1328 998 1390 3
1011 1317 1136 1390 pactum
1149 1313 1222 1372 salis
1238 1317 1281 1372 est
1291 1314 1501 1389 sempiternum

171 1433 271 1478 rurum
288 1415 428 1490 Domino,
448 1412 504 1474 tibi
516 1412 638 1489 ucfilie's
656 1413 727 1474 tuci.

156 1557 159 1563 ,
261 1517 314 1580 10.
339 1515 450 1597 Neque
472 1519 643 1599 propterea
663 1513 887 1579 contendimus
905 1515 939 1579 in
958 1513 1107 1580 omnibus
1134 1516 1286 1596 omniuo,
1309 1523 1407 1600 atque
1432 1516 1500 1579 sin-

170 1628 252 1711 gulis
268 1630 407 1695 textibus
426 1631 499 1696 voci
517 1613 608 1703 nitu
626 1631 791 1696 notionem
809 1630 938 1696 subesse
955 1631 1133 1696 durationis
1150 1632 1244 1696 nullis
1261 1631 1416 1696 limitibus
1434 1631 1499 1696 cir-

171 1734 399 1819 cumscriptae3
425 1719 525 1800 immo
554 1733 640 1798 ultro
659 1732 772 1798 dumus
792 1733 915 1818 aliquot
939 1733 1044 1799 afferri
1065 1741 1171 1799 textus
1192 1754 1305 1819 posse,
1328 1735 1363 1798 in
1384 1732 1504 1828 quibus

171 1835 264 1925 mitti
278 1851 477 1917 tantumdem
496 1851 599 1918 valeat
616 1870 653 1916 ac
674 1849 881 1916 diuturnum:
905 1869 1017 1916 verum
1044 1858 1078 1915 et
1096 1851 1177 1916 illud
1197 1851 1361 1931 addimus,
1392 1869 1431 1916 ex
1454 1851 1502 1915 his

170 1953 309 2020 textibus
334 1953 458 2020 nullum
486 1972 576 2034 esse,
607 1955 658 2018 eui
685 1953 840 2018 iudicium
867 1953 996 2016 minime
1023 1952 1158 2017 dubium
1186 1955 1276 2018 istius
1302 1954 1502 2018 limitationis

170 2076 237 2123 uon
257 2057 344 2122 insit.
1261 2075 1263 2080 ’

259 2188 365 2270 Inest,
389 2187 468 2254 dum
492 2162 586 2276 Ofilii
612 2187 810 2251 construitur
832 2205 907 2252 eum
934 2176 1067 2250 uiuis.
1098 2184 1368 2267 quemadmodum
1391 2187 1426 2250 in
1441 2204 1497 2248 ce·

170 2317 238 2401 pita
272 2334 360 2381 nono
390 2317 549 2381 Geneseos
581 2318 660 2396 17),
686 2315 743 2380 ubi
774 2314 829 2378 iris
858 2315 983 2396 signum
1009 2315 1145 2397 ponitur
1175 2291 1280 2406 05¹⁹
1307 2291 1440 2378 t't'tt'th
1470 2317 1502 2372 te

170 2438 375 2509 venerationes
396 2435 532 2512 soeculi,·
558 2439 590 2496 et
614 2432 648 2495 in
674 2430 822 2515 pluribus
845 2429 947 2495 Exodi
971 2431 1051 2508 locis
1079 2433 1154 2511 18),
1184 2430 1238 2495 ubi
1271 2430 1405 2495 aaronis
1426 2429 1501 2495 liliis
1536 2497 1543 2513 ,

65 2614 67 2620 ,
171 2559 385 2625 sacerdotium
414 2563 613 2645 promittitur
645 2536 793 2652 Ulj'li‘ti
828 2535 921 2651 05¹⁹
952 2537 1073 2653 ninii&
1102 2564 1135 2624 iu
1162 2563 1360 2624 aucercletium
1388 2563 1501 2624 soemo·

169 2701 203 2763 iu
223 2705 464 2782 persecutionibus
483 2722 595 2766 eorum.
621 2705 700 2769 Cum
724 2704 809 2768 enirn
834 2693 946 2766 ΠἩΠ
971 2706 1101 2770 nomine
1121 2703 1279 2769 humanae
1296 2703 1502 2786 designentur

170 2820 408 2902 generationes,
431 2819 517 2885 illico
543 2839 577 2884 se
597 2819 747 2885 limitatio
769 2821 899 2906 prodit,
927 2839 990 2904 qua
1013 2820 1138 2904 phrasis
1161 2819 1259 2883 debet
1275 2819 1419 2901 intelligi.

258 2949 365 3030 Inest,
390 2948 469 3014 dum
498 2928 591 3043 0259
617 2950 817 3015 construitur
842 2968 914 3013 cum
945 2968 1024 3014 uoce
1047 2939 1120 3043 pll't
1145 2950 1178 3013 in
1204 2949 1310 3032 phrasi
1334 2967 1408 3012 sane
1435 2967 1499 3013 non

169 3091 241 3137 rara
265 3056 358 3169 Ofili
386 3079 469 3174 nptjt
503 3087 645 3142 statutum
664 3085 877 3162 sempiternum
901 3075 975 3165 19),
993 3098 1059 3163 qua
1076 3077 1322 3143 caeremoniales
1343 3077 1429 3160 leges
1445 3076 1500 3142 de·
1588 3143 1598 3160 ,,

170 3194 347 3276 signantur.
370 3193 436 3258 llas
456 3194 543 3259 enim
563 3193 635 3258 fore
658 3195 869 3280 temporarias
894 3202 927 3260 et
950 3195 1125 3273 desituras,
1153 3195 1413 3278 quamprimum
1441 3213 1500 3258 no-

172 3311 246 3357 vum
269 3291 382 3360 foedus
403 3294 645 3375 institueretur,
670 3297 843 3375 universa,
868 3315 934 3382 qua
958 3298 1021 3364 late
1043 3304 1132 3382 patet
1146 3346 1155 3379 ,
1169 3297 1296 3362 clamat
1323 3298 1498 3381 Scriptura.

261 3399 314 3459 11.
339 3397 443 3462 Porro
468 3415 536 3462 non
559 3399 634 3478 satis
656 3416 829 3484 assequor,
857 3401 936 3484 quid
956 3402 1015 3466 sibi
1035 3400 1174 3466 uoluerit
1188 3397 1300 3464 Daniel
1317 3398 1452 3462 Hoetius
1468 3400 1501 3462 in

172 3501 360 3580 Ortpeutcuis
377 3500 429 3580 20)
453 3500 611 3565 scribens:
642 3481 742 3561 «etde
767 3521 833 3568 non
860 3502 1043 3584 inlinitum,
1069 3503 1125 3569 sed
1151 3501 1352 3587 indefinitum
1376 3507 1502 3585 tempus

172 3600 355 3684 designare,
379 3608 469 3685 patet
486 3621 523 3667 ex
542 3605 646 3670 leucae
667 3605 772 3672 verbis
790 3608 863 3688 21):
881 3611 924 3670 Et
937 3609 1074 3690 repectit
1090 3613 1122 3670 ic
1142 3609 1227 3670 (hmo
1244 3609 1334 3670 Iacob
1350 3611 1382 3668 iu
1398 3613 1498 3668 eeter-

169 3723 252 3782 num,
275 3706 311 3769 εἰς
325 3707 387 3770 τοὺς
406 3709 513 3774 αἰῶνας.
523 3709 604 3775 Nam
615 3709 642 3774 si
659 3709 693 3774 id
709 3710 847 3793 spatium
863 3712 1017 3794 temporis
1033 3710 1271 3774 interminatum
1288 3708 1499 3791 exprimeret,

171 3823 326 3888 quorsum
345 3807 534 3876 adderetur:
558 3815 601 3874 Et
615 3815 703 3894 requi
718 3817 782 3874 ciue
794 3831 853 3876 uon
868 3818 928 3874 erit
940 3816 1036 3892 fleis?
1053 3810 1090 3876 ld
1113 3810 1175 3876 sibi
1193 3829 1271 3892 ergo
1296 3801 1498 3891 vult'Lucas,

169 3911 235 3973 sive
258 3912 366 3994 potius
388 3912 530 3994 Gabriel:
557 3913 717 3980 obtinebit
739 3914 791 3978 ille
816 3913 947 3998 quidem
966 3915 1000 3978 in
1024 3911 1121 3979 domo
1146 3914 1246 3980 Iacob
1271 3931 1403 3995 regnum
1428 3913 1502 3977 diu·

170 4015 302 4076 toruum
327 4031 365 4076 ac
390 4013 479 4077 nullo
505 4013 569 4079 line
593 4016 807 4080 cariturum.»
831 4018 948 4079 Verum
976 4034 1080 4099 neque
1105 4017 1285 4094 concinna,
1312 4033 1417 4097 neque
1444 4033 1501 4077 ne-

169 4117 305 4178 cessaria
329 4122 378 4182 est
401 4115 478 4180 haec
500 4116 732 4201 interpretatio.

268 4382 301 4436 te)
315 4383 373 4429 Gen.
386 4383 460 4430 xvii.
477 4392 508 4430 ra.
822 4390 833 4431 ·,
947 4387 979 4443 ιε)
993 4388 1033 4432 Ex.
1046 4388 1097 4432 xli.
1109 4394 1181 4433 11-17.
1196 4388 1289 4432 xxvii.
1302 4395 1337 4442 ut,
1348 4388 1394 4432 11..
1411 4395 1442 4432 aa.
1454 4391 1499 4432 etc.

269 4452 301 4506 tsi
314 4454 482 4501 lbtd.r.7:15t
496 4459 614 4502 statutum
628 4461 726 4514 pactum
736 4470 812 4502 meum
947 4459 981 4515 ιο)
994 4461 1028 4504 Ex
1039 4471 1075 4516 gr.
1090 4461 1163 4505 Exod.
1176 4457 1327 4514 xxviium,
1340 4469 1411 4515 quem
1424 4459 1516 4513 locum,

48 4565 56 4577 ,
172 4520 236 4563 tuter
246 4533 283 4564 me
298 4527 321 4566 et
338 4527 371 4580 re,
386 4527 486 4572 eruerer
502 4540 579 4572 semen
597 4530 664 4572 tuum
680 4531 770 4588 postte
788 4529 813 4573 in
867 4531 984 4588 vulgatus
1002 4530 1092 4576 reddit:
1113 4531 1256 4588 &patmum
1273 4533 1439 4586 sempiternum
1456 4531 1502 4574 erit

168 4592 357 4647 perorationibus
371 4595 433 4653 ruis,
445 4601 541 4654 foedere
553 4601 708 4658 sempitrnum·
721 4606 748 4646 ut
765 4603 810 4646 eim
863 4605 963 4657 Αινωι,
980 4606 1003 4646 et
1021 4602 1106 4646 remini
1125 4603 1175 4646 eius
1189 4605 1242 4659 post
1258 4615 1318 4646 eum.

171 4663 235 4708 uuo
251 4665 305 4707 tuus
322 4668 344 4708 et
360 4668 456 4712 serinia
469 4671 505 4714 tui
522 4675 573 4726 post
588 4675 617 4716 te.
937 4676 974 4726 ²0)
986 4673 1059 4719 Libit>
1070 4676 1100 4719 11·
1116 4685 1140 4730 q.
1154 4675 1193 4719 Χῖ·
1204 4674 1227 4730 S·
1241 4680 1276 4718 ⁸²⁶·

206 4761 208 4766 -
267 4737 476 4792 reillumxvttt.
491 4748 524 4786 tu.
941 4748 975 4802 21)
988 4747 1043 4792 Luc.
1062 4751 1079 4792 t.
1094 4754 1128 4794 aa.

188 4824 190 4828 ’
266 4809 475 4861 17)6εη.111.1·ὶ.
