3622 5464
325 337 363 401 th
731 352 774 400 nr
795 351 1028 402 manseram
1050 353 1235 402 romanum
1277 323 1280 330 ’

406 471 479 538 Non
501 470 660 552 maeiarae,
684 467 947 554 qnandoquidem
969 471 1023 535 vix
1047 471 1178 555 purgari
1206 471 1306 555 possit
1328 471 1528 556 tauteleg’ae
1553 473 1650 539 vitio.

407 575 481 639 Non
500 577 682 654 mmmm,
705 570 864 656 siquidem
883 571 916 638 in
934 571 1059 655 verbis,
1084 591 1167 658 quae
1188 578 1292 656 eptae:
1320 581 1581 660 consequuntur,
1600 575 1650 636 καὶ

318 693 363 747 τῆς
385 677 526 760 βασιλείας
557 678 639 736 αὐτοῦ
664 677 712 734 οὐκ
732 671 813 736 ἰ’στάι
840 675 932 752 τέλος,
955 675 1114 761 porticella
1145 679 1189 737 καί
1217 684 1384 762 tamquam
1411 679 1571 762 exegetica
1597 678 1653 744 vel

318 781 510 868 aetiologiea
536 780 674 865 spectari
695 785 824 864 petest,
842 777 925 844 adeo
941 785 978 844 ut
993 780 1077 845 ratio
1099 779 1272 863 reddatur,
1296 801 1354 846 eur
1377 779 1495 848 Christi
1513 799 1653 868 ιιιςιιιιιιι

322 883 513 950 duraturum
531 884 574 950 sit
597 884 636 950 tir
660 882 724 950 τοὺς
748 885 853 950 αἰῶνας.

410 985 461 1052 ,ld
486 985 585 1068 haec,
606 985 746 1070 supponi
773 983 1025 1051 necimmerito
1052 991 1179 1069 petest,
1206 1005 1302 1052 unam
1328 986 1536 1071 eamdemque
1562 1006 1655 1072 rem,

318 1086 469 1154 videlieet
487 1097 675 1184 perpetuam
696 1089 786 1171 regni
801 1086 920 1154 Christi
936 1086 1155 1172 durationem,
1179 1087 1301 1173 duplici
1316 1089 1533 1174 distincteque
1550 1090 1653 1156 mede

318 1189 473 1274 loquendi
501 1191 629 1274 eilerri,
654 1191 759 1256 aiente
784 1190 904 1255 altero:
932 1193 1071 1272 repectit
1091 1197 1124 1255 tn
1146 1193 1232 1256 deme
1254 1194 1345 1256 lecet
1366 1197 1399 1258 ia
1421 1201 1597 1274 oeternum
1618 1199 1655 1258 et

319 1293 421 1359 altere
438 1301 592 1378 negante:
611 1297 695 1358 itlius
711 1312 836 1375 repetem
852 1295 937 1356 ealle
953 1295 1112 1358 cuncter
1119 1298 1197 1374 fiee.

408 1396 549 1462 Tandem
572 1397 779 1480 perspicuum
797 1401 862 1476 est,
890 1394 989 1460 verba
1010 1396 1111 1478 angeli
1131 1396 1243 1462 reierri
1264 1394 1305 1461 ad
1328 1395 1658 1489 compluraprophe·

320 1503 427 1566 tarum
447 1499 596 1580 oracula,
615 1517 696 1583 quae
712 1499 776 1563 iam
792 1497 919 1581 impleri
935 1498 969 1562 in
983 1497 1109 1564 Christe
1128 1497 1299 1564 dehebant.
1319 1499 1403 1564 Nihil
1419 1517 1497 1583 erge
1517 1502 1652 1582 mirum,

320 1602 348 1664 si
371 1600 492 1685 duplici
512 1601 636 1686 phrasi,
661 1601 762 1665 altera
784 1599 979 1683 affirmante,
1004 1607 1037 1665 et
1058 1607 1194 1683 negante
1217 1601 1317 1667 altera
1340 1621 1416 1666 usus
1433 1602 1495 1684 sit,
1514 1608 1550 1666 ut
1570 1621 1655 1686 quae

320 1697 538 1786 inaruerint,
568 1703 603 1767 in
625 1703 811 1768 memoriam
839 1702 1031 1767 luculentius
1057 1709 1247 1770 revocaret:
1273 1723 1349 1769 usus
1371 1705 1413 1768 sit
1436 1704 1547 1789 phrasi
1566 1703 1657 1768 affir-

322 1813 449 1889 mante,
472 1813 510 1871 ut
531 1807 722 1891 exprimeret
744 1825 868 1886 reprom
883 1813 1036 1868 oeternum
1052 1805 1198 1886 Messiae,
1221 1806 1310 1890 qued
1330 1807 1433 1872 iuerat
1452 1806 1658 1891 praedictum

322 1911 357 1976 in
372 1910 511 1974 Psalmis
528 1911 579 1989 ll)
598 1915 631 1974 et
646 1929 665 1973 a
681 1909 815 1973 Daniele
830 1910 902 1989 23);
921 1915 953 1974 et
977 1927 1050 1972 usus
1067 1909 1109 1973 sit
1133 1909 1239 1992 phrasi
1258 1917 1412 1992 negante,
1437 1917 1474 1975 ut
1496 1910 1581 1976 illius
1603 1931 1657 1974 re·

322 2033 415 2094 poem
435 2019 498 2076 stoc
517 2016 580 2092 fiac
603 2012 714 2076 itidem
736 2011 935 2097 praedictum
960 2010 1000 2075 ab
1025 2011 1177 2092 laciali)
1202 2012 1350 2078 efferret:
1374 2013 1505 2098 paucis,
1531 2012 1660 2077 idcirco

325 2114 486 2199 duplicem
509 2115 646 2180 formam
672 2121 840 2197 negantem
861 2120 894 2177 ct
916 2114 1054 2178 aientem
1078 2113 1276 2194 adhibuerit,
1296 2114 1386 2198 qued
1403 2114 1524 2198 duplici
1544 2115 1658 2179 itidem

324 2219 430 2283 terma
442 2224 577 2300 negante
590 2222 622 2280 et
635 2219 734 2281 aiente
744 2222 900 2301 perpetua
913 2217 1002 2298 regni
1015 2216 1142 2280 Messias
1155 2216 1283 2281 duratio
1297 2217 1394 2282 fucrit
1413 2217 1655 2301 praenunciata.

415 2319 519 2400 Quare
541 2337 607 2384 nen
626 2325 685 2400 est,
704 2338 762 2384 cur
778 2320 868 2384 netie
887 2319 1035 2384 reeahuli
1054 2320 1117 2379 αὶὼν
1137 2321 1360 2402 restringatur,
1381 2319 1562 2404 praesertim
1582 2337 1660 2384 oum

326 2423 405 2488 haee
422 2422 557 2487 limitata
574 2421 716 2504 acceptio
739 2439 842 2506 neque
858 2421 935 2486 satis
955 2428 1029 2505 apte
1047 2441 1121 2486 eum
1140 2421 1282 2487 eiusdem
1302 2429 1410 2506 etymo
1431 2426 1656 2506 componetur:

328 2535 377 2594 est
395 2528 479 2592 enim
509 2527 572 2586 a‘da
594 2525 633 2588 ab
655 2526 695 2584 αεὶ
719 2523 763 2603 ὧν,
785 2527 866 2606 qued
886 2545 1002 2606 semper
1023 2534 1077 2589 cat.

796 2677 1100 2800 senonica
1136 2731 1179 2798 ιι.

421 2938 470 3000 12
497 2933 558 3013 Qui
581 2935 762 3000 socinianae
784 2940 859 3000 sunt
880 2933 1046 3015 factionis,
1070 2935 1132 2999 aha
1155 2939 1319 3018 practerea
1344 2935 1532 3018 exceptione
1558 2940 1660 3000 utun-

329 3043 396 3119 tur,
418 3043 541 3102 etcum
561 3036 768 3120 Welzegenie
788 3038 839 3116 95)
861 3041 988 3116 notant,
1015 3037 1153 3119 «Ignem
1174 3042 1338 3101 aeternum
1356 3054 1422 3100 non
1443 3037 1552 3102 vecari
1571 3055 1657 3116 eum,

329 3143 362 3204 in
379 3159 446 3224 quc
470 3159 519 3206 res
541 3141 570 3205 ei
590 3141 707 3205 iniecta
729 3144 891 3204 aeternum
909 3139 1025 3220 uritur,
1045 3157 1103 3202 nec
1122 3155 1275 3223 umquam
1293 3139 1503 3219 eonsumitur,
1529 3137 1584 3204 sed
1602 3139 1661 3222 qui

330 3244 374 3308 ita
399 3261 466 3308 rem
489 3242 594 3308 exurit
616 3249 648 3308 ct
671 3241 842 3320 consumit,
861 3246 896 3305 ut
916 3240 971 3304 illa
995 3240 1029 3304 in
1053 3247 1216 3305 aeternum
1236 3258 1301 3305 nen
1320 3241 1506 3304 restituatur
1524 3241 1558 3306 in
1579 3242 1665 3306 iute-
1729 3283 1731 3290 a

331 3363 438 3427 grum,
455 3345 506 3409 vel
521 3345 577 3428 qui
590 3343 713 3409 tamdiu
726 3342 816 3408 ardet
830 3343 934 3407 donec
949 3361 1000 3406 res
1012 3342 1065 3407 illa
1081 3343 1174 3427 plane
1193 3349 1225 3407 et
1238 3343 1271 3406 iu
1289 3348 1394 3407 tetum
1412 3341 1629 3407 comburatur.
1643 3371 1658 3396 ν

420 3447 479 3512 Sed
508 3447 652 3531 exceptio
674 3454 722 3512 est
746 3447 826 3511 haec
848 3465 923 3509 vere
946 3445 1119 3526 seriniana,
1145 3453 1176 3511 et
1199 3464 1264 3529 qua
1287 3445 1366 3509 nihil
1390 3444 1663 3510 accommodatius

332 3549 374 3616 ad
396 3550 583 3616 evertendas
607 3568 717 3616 omnes
735 3547 891 3632 loquendi
909 3548 1047 3630 regulas.
1074 3550 1112 3612 ln
1136 3549 1242 3632 phrasi
1268 3553 1328 3630 πῦρ
1352 3551 1472 3626 αἰώνιον,
1494 3549 1666 3613 aeternitas

333 3659 382 3717 eet
405 3653 573 3718 attributio
597 3653 701 3736 ignis:
734 3659 767 3717 at
785 3652 819 3715 in
840 3651 1001 3716 sociniana
1021 3652 1238 3735 expositione,
1264 3641 1434 3716 aeternitas
1454 3659 1502 3716 est
1527 3649 1666 3716 attribu·

333 3757 380 3821 tio
401 3755 534 3822 effeetus
555 3775 613 3840 per
636 3758 755 3841 ignem,
783 3754 840 3838 qui
864 3772 929 3818 non
953 3755 993 3818 sit
1017 3760 1174 3833 aeternus,
1201 3755 1363 3836 producti.
1391 3753 1475 3834 Quid
1493 3753 1583 3838 quod
1604 3759 1667 3832 πῦρ-

333 3860 399 3924 sivc
422 3865 509 3941 ipris,
534 3860 591 3944 qui
612 3859 687 3924 olibi
713 3858 831 3924 dieitur
852 3857 971 3932 αἰώνιον,
993 3875 1091 3941 penes
1111 3855 1258 3921 eumdem
1278 3857 1473 3922 Matthaeum
1496 3855 1552 3944 26)
1574 3857 1665 3923 audit

333 3953 492 4045 tapeta?
516 3962 575 4028 Sed
600 3962 640 4028 de
663 3962 723 4027 hac
746 3961 1017 4040 denominatione,
1040 3966 1072 4024 et
1093 3966 1281 4041 argumento
1301 3959 1391 4044 quod
1414 3979 1452 4024 ex
1472 3979 1508 4024 ea
1529 3961 1665 4044 petitur,

260 4127 266 4144 ,
335 4069 445 4154 paullo
467 4067 609 4132 inferius.

417 4404 453 4457 se)
467 4403 497 4448 m
519 4402 587 4448 xcv.
606 4409 626 4448 ⁷.
636 4399 721 4457 xruxu
737 4390 834 4454 naeres
847 4400 915 4445 seua
933 4402 975 4444 eea
1028 4382 1051 4424 0²
1061 4378 1130 4436 paea
1144 4389 1191 4422 m
1205 4381 1252 4460 02²3
1263 4379 1340 4434 flua.-
1354 4387 1425 4458 ΨΜ
1436 4375 1522 4420 ⁸⁰1¹“m
1535 4374 1630 4456 nave,
1643 4375 1669 4415 ‘t

338 4475 402 4520 nem
415 4473 569 4518 roseaceum
578 4472 683 4528 caecam
696 4473 818 4518 cxxxix.
828 4471 915 4530 posim
929 4472 974 4516 etc,
1028 4463 1099 4508 aspar
1110 4461 1209 4506 naum
1224 4461 1274 4530 ἤϋς’
1289 4447 1382 4528 ”teht
1393 4449 1421 4491 ¹⁴²
1429 4448 1549 4503 monac
1561 4446 1631 4500 atet,

415 4547 451 4598 2³)
464 4546 598 4590 Danihel:
606 4543 730 4589 suscitabit
737 4541 975 4598 transmarinorum,
1029 4521 1113 4566 “mm
1130 4523 1153 4565 ⁰²
1166 4533 1239 4577 “W
1256 4532 1283 4564 ’ἢ
1299 4521 1475 4574 '‘mmmmm-

337 4615 399 4673 qued
408 4616 434 4660 ta
445 4619 568 4660 oeternum
579 4627 625 4658 eea
634 4613 806 4671 diaetpohiterf
817 4646 822 4658 .
835 4648 840 4658 .
851 4616 889 4658 ,et
900 4611 977 4669 ipsum
1117 4588 1153 4639 ²⁶)
1166 4585 1203 4630 Ad
1218 4585 1303 4630 mah·
1318 4585 1439 4675 ,(ῊέῙὶχᾶ
1453 4655 1457 4672 ⁸
1481 4655 1491 4674 ‚

337 4687 410 4732 stetui
418 4686 444 4732 in
455 4690 584 4731 uternam.
595 4687 625 4732 lit
637 4687 687 4732 vu.
700 4692 732 4741 lt,
740 4691 775 4730 27:
787 4683 860 4742 Cetea
869 4694 975 4742 raperem,
1119 4663 1154 4718 26)
1167 4660 1251 4708 mh·
1268 4662 1308 4706 ¹¹¹·
1322 4668 1360 4706 ¹²²
1382 4659 1413 4707 ¹⁰
1432 4660 1456 4707 δ’
1473 4675 1570 4727 “wi
1587 4676 1666 4706 ΜΨ

337 4771 435 4817 repetem
449 4757 617 4815 sempiternom
633 4761 673 4802 eat.
1032 4743 1122 4798 καύσιι
1145 4741 1207 4814 πυρὶ
1232 4740 1364 4811 ἀσβέστῳ.
1387 4747 1471 4793 Peleos
1483 4751 1561 4822 autera
1576 4744 1668 4790 eemhu·

416 4831 451 4886 rt)
461 4830 495 4875 la.
503 4830 543 4875 tx.
551 4835 572 4876 7:
580 4827 836 4886 Muttiptieetttereiea
843 4826 977 4884 imperium,
1031 4829 1068 4869 ret
1086 4822 1136 4882 tent
1153 4822 1336 4877 iaeatiapua'tttt.
