3622 5464
320 471 459 618 nn
525 470 796 617 leun
861 459 1367 674 lornano

570 803 686 891 NON
716 801 1120 894 METAPHORICO

353 1150 358 1162 .
447 1061 734 1181 ‘nrnnrca
788 1101 1227 1180 nrssnnranro

676 1593 915 1672 ,Lemma
950 1594 977 1662 Ι.

271 1806 302 1866 1.
332 1743 428 1869 Nm
455 1798 685 1882 metaphoricis
710 1797 1029 1883 interpretationibus
1056 1797 1172 1864 modos
1199 1805 1339 1883 ponatur
1368 1797 1505 1884 aliquis,

181 1903 261 1971 nibil
284 1903 441 1989 supererit
463 1902 497 1967 in
521 1901 627 1966 bibliis
653 1908 797 1981 certum,
823 1901 902 1966 nibil
926 1900 1014 1986 quod
1039 1903 1080 1968 ait
1107 1907 1213 1968 ratum
1238 1907 1271 1966 et
1292 1900 1410 1982 tirum,
1430 1901 1511 1968 nibil

181 2005 272 2093 qnod
294 2007 361 2070 sire
381 2003 423 2070 ad
445 2002 632 2068 asserendos
655 2001 730 2068 fidei
750 2003 920 2086 articulos,
948 2004 1013 2069 aire
1035 2001 1077 2068 ad
1100 2021 1226 2068 errores
1247 2001 1320 2070 iidai
1342 2005 1512 2088 oppositos

181 2107 436 2182 convincendos,
461 2105 572 2170 inferri
594 2123 630 2170 ax
649 2106 687 2170 iis
709 2105 850 2188 legitime
870 2109 981 2189 possit.
1008 2107 1079 2172 Hoc
1102 2105 1193 2189 quod
1213 2107 1337 2172 ratione
1356 2106 1511 2190 intelligi-

181 2230 270 2293 mus,
299 2209 518 2295 experimento
544 2206 791 2292 comprobatum
817 2207 963 2273 videmus
985 2207 1018 2273 in
1040 2207 1171 2273 iliorum
1195 2208 1396 2292 potissimum
1419 2227 1510 2274 com·

181 2313 361 2395 mentoriia,
389 2311 446 2396 qui
470 2328 490 2375 a
515 2309 631 2375 Socino
656 2327 773 2376 nomen
794 2307 933 2392 babent,
961 2309 1013 2375 rel
1033 2307 1247 2376 rationalitate
1272 2317 1509 2396 nuncupantur.

560 2497 565 2518 ·
703 2487 906 2584 nnuma
941 2513 987 2584 n.
1085 2585 1090 2595 ,

272 2721 304 2785 2.
328 2718 444 2786 Modus
462 2716 784 2802 interpretationibus
800 2719 1027 2804 metaphoricis
1045 2717 1216 2804 ponendos
1233 2717 1286 2785 bic
1303 2725 1369 2801 est,
1386 2719 1511 2786 otiliae

179 2823 341 2912 praesumi
360 2840 427 2888 non
446 2819 607 2902 debcant,
632 2819 687 2886 aad
705 2821 883 2906 perspicuis
902 2820 1087 2888 confirmari
1106 2822 1321 2906 argumentis3
1341 2821 1432 2907 qnod
1451 2823 1511 2888 nisi

180 2927 256 3012 bat,
279 2925 454 3008 continno,
479 2923 633 3010 nulloque
651 2919 802 2990 institoto
824 2926 968 2990 manino
988 2923 1184 2990 reiiciantur.

661 3192 663 3200 Α
700 3129 901 3201 tamma
938 3128 998 3244 m?
1107 3232 1113 3248 .

276 3332 308 3410 3.
335 3331 439 3397 Porro
469 3331 708 3418 metaphoricae
736 3332 1040 3418 interpretationes,
1072 3350 1154 3416 qnae
1183 3330 1307 3397 admitti
1336 3347 1510 3416 numquam

187 3431 323 3514 debent,
352 3432 412 3498 nisi
433 3433 631 3518 probentur,
652 3433 692 3500 ab
713 3435 751 3500 iia
773 3435 961 3521 praesertim
982 3436 1062 3500 locis
1085 3433 1239 3501 arcendae
1264 3441 1355 3517 sunt,
1383 3434 1440 3519 qui
1461 3436 1512 3502 rel

185 3537 320 3620 primam
342 3536 591 3619 institutionem,
614 3537 666 3603 uel
685 3545 912 3624 praeceptum,
931 3539 983 3602 vel
1002 3538 1126 3622 legem,
1147 3537 1198 3601 vel
1214 3536 1403 3602 sententiam
1423 3555 1513 3602 com-

95 3695 100 3706 .
184 3638 381 3723 plectuntor.
405 3640 758 3724 argumentorumque
776 3640 864 3707 omni
880 3640 1068 3724 exceptione
1085 3637 1209 3706 maiora
1227 3640 1401 3704 necessaria
1416 3643 1509 3719 sont,

182 3747 221 3808 ut
241 3740 426 3824 credamus,
447 3740 480 3804 in
504 3740 661 3808 eiusmodi
683 3742 762 3807 locis
786 3744 920 3827 proprio
939 3749 1037 3826 atque
1059 3739 1157 3807 obvio
1177 3739 1282 3806 sensui
1302 3739 1509 3823 translatum,

182 3843 458 3929 metaphoricum,
487 3844 679 3929 longiusque
703 3845 837 3928 petitum
862 3863 930 3910 ease
954 3842 1228 3928 praehabendom.

698 4048 993 4120 nnuuaru
1069 4009 1074 4018 ’

272 4253 305 4313 t.
331 4250 444 4336 capite
458 4251 615 4335 vigesimo
632 4253 746 4337 quinto
759 4252 910 4320 biattbaei
926 4253 1122 4342 proponitur
1137 4259 1207 4319 tom
1223 4269 1372 4338 suprema
1386 4256 1512 4317 senten·

183 4350 228 4415 tia
254 4353 302 4433 1),
326 4369 423 4438 quam
441 4354 474 4420 in
498 4353 656 4439 reprobos
677 4354 759 4421 ierat
780 4355 925 4422 Christos
945 4355 1061 4440 iudex,
1087 4362 1158 4420 tum
1177 4353 1318 4420 eiusdem
1339 4354 1511 4419 sententiae

183 4454 356 4537 exequutio
376 4454 557 4522 declaratur
582 4453 628 4543 2).
648 4459 733 4540 Ergo
750 4456 812 4523 nisi
827 4465 1015 4541 argumenta
1034 4457 1143 4524 obsint
1163 4458 1293 4524 omnino
1311 4454 1509 4536 decretoria,

182 4559 323 4639 unoque
347 4555 381 4622 in
401 4557 477 4624 loco
501 4559 632 4626 retineri
655 4557 751 4625 debet
767 4558 882 4626 obvios
902 4566 999 4646 atque
1023 4559 1175 4645 proprios
1198 4556 1372 4624 verborum
1387 4573 1508 4624 sensus.

274 4759 295 4816 Ι)
308 4759 393 4808 mh.
407 4761 480 4810 XXV.
494 4769 529 4810 at.
946 4801 949 4808 .
966 4765 987 4822 ²)
1001 4765 1085 4814 uttan.
1099 4765 1171 4813 XXV.
1184 4771 1219 4812 tt.
