3622 5464
346 275 383 338 18
747 295 790 344 ur
811 295 1040 348 mmmm
1061 299 1245 352 romanum

339 408 549 494 loquutione,
579 411 636 478 aed
662 413 751 478 euius
777 411 1003 482 determinatus
1029 421 1078 482 est
1106 435 1234 501 sensns,
1266 418 1371 506 iungit
1394 421 1489 487 simul
1513 423 1674 490 Christus

341 520 374 578 et
394 515 498 597 ignom
517 531 691 599 numquam
714 515 981 600 exdnguendum
1005 525 1040 585 et
1060 527 1248 604 peccatum,
1275 539 1340 606 quo
1364 522 1505 608 improbi
1530 543 1673 611 semper

274 625 278 636 ’
340 623 373 681 et
395 615 576 698 inficientur
596 623 628 682 et
651 618 899 703 torquebuntur.
931 620 1054 686 Scilicet
1083 622 1197 706 iungit·
1214 624 1308 690 simul
1333 624 1483 692 effectum
1507 633 1540 692 et
1562 645 1670 693 caus-

341 737 427 802 sam,
458 721 548 804 qnasi
577 719 712 786 diceret:
743 719 864 788 tamdiu
893 720 1007 789 durare
1032 741 1136 808 poena
1161 724 1278 807 debet,
1308 726 1464 812 quamdiu
1492 736 1672 816 permanet

320 822 452 912 ⁴eralpa,
478 839 561 906 quae
580 821 717 889 inflictae
740 842 862 908 poenae
882 843 1023 892 caussam
1042 827 1196 894 continet.
1225 829 1321 914 Atqui
1338 829 1577 914 improborum,
1604 836 1673 918 qui

340 927 407 992 vita
435 925 536 991 iuneti
566 932 664 1007 sunt,
695 935 824 1010 peccata
854 925 1003 995 desinunt
1029 949 1227 1016 numquam,
1259 950 1436 1018 numquam
1461 934 1669 1018 abolentur,

342 1025 487 1195 fffioissrnt
511 1045 647 1112 semper.
680 1029 764 1112 Ergo
791 1047 896 1115 neque
920 1049 1022 1116 poena
1045 1031 1215 1117 aliquando
1239 1033 1383 1117 desinet,
1411 1035 1466 1102 sed
1492 1044 1671 1104 aeternum

364 1147 422 1195 ura
445 1130 481 1195 it.

860 1343 1076 1416 SCHOLlON
1101 1345 1129 1414 Ι.

435 1543 483 1606 19.
509 1541 606 1622 Quasi
623 1561 717 1623 aero,
733 1549 895 1628 reponunt
910 1543 1084 1628 sociniani,
1101 1543 1320 1612 desiderentur
1336 1544 1515 1612 bibliorum
1528 1552 1666 1626 textus,
1759 1562 1768 1651 Q

342 1641 516 1725 inquibus
542 1642 638 1708 linem
665 1661 732 1708 non
756 1643 875 1710 babere
899 1642 1046 1711 dicantur
1073 1665 1129 1726 ea,
1160 1665 1243 1732 quae
1268 1649 1380 1732 utique
1405 1647 1547 1714 desitura
1568 1655 1663 1714 aunt.

340 1743 422 1810 Ecce
449 1745 482 1810 in
505 1744 677 1828 prophetia
703 1745 800 1812 baiae
824 1747 877 1828 6⁰)
905 1753 937 1812 et
965 1747 1089 1814 Nabum
1120 1749 1173 1830 6))
1205 1747 1338 1816 dicitnr:
1375 1751 1527 1814 thesauros
1554 1767 1666 1814 comm

341 1865 400 1908 noo
420 1848 529 1911 babere
540 1853 655 1929 finem:
676 1855 708 1916 et
728 1867 822 1933 penes
844 1849 958 1916 lebam
981 1851 1050 1930 aar:
1075 1853 1268 1934 iniquitatum
1292 1859 1412 1918 umnam
1435 1871 1495 1918 uon
1513 1859 1557 1916 est
1568 1855 1661 1934 fiais.

341 1947 431 2017 ldem
457 1952 612 2035 repetitur
634 1951 675 2018 de
702 1954 803 2018 labore
828 1954 901 2036 63),
930 1952 970 2019 de
996 1956 1081 2020 libris
1107 1955 1178 2036 ot),
1208 1960 1243 2022 et
1269 1957 1302 2020 in
1332 1954 1466 2040 epistola
1490 1955 1593 2040 prium
1618 1953 1665 2021 ad

341 2054 541 2125 timotheum
564 2055 616 2134 65)
639 2060 855 2122 memorentur
877 2059 1068 2138 renouatus
1085 2059 1182 2138 picem
1204 2077 1263 2124 ooo
1286 2059 1436 2124 babmtes.
1533 2093 1536 2098 -

429 2155 491 2222 Sed
511 2155 592 2240 quid
610 2155 697 2224 istud
712 2164 761 2224 est
781 2157 842 2223 nisi
863 2157 973 2224 lucum
992 2157 1117 2240 lamna,
1140 2164 1172 2225 ot
1192 2175 1274 2244 quae
1298 2157 1544 2226 disiunctissime
1563 2161 1660 2237 sunt,

211 2305 213 2308 -
280 2253 283 2262 “
341 2259 441 2326 veluti
461 2259 573 2326 similia
595 2265 627 2325 et
648 2259 772 2342 gemina
795 2259 1008 2345 comparare?
1073 2253 1079 2262 '

429 2363 552 2428 Etenim
566 2362 594 2427 I.
612 2362 794 2448 praeierunt
809 2381 851 2428 ne
867 2363 899 2428 bi
914 2369 1019 2433 textus
1032 2381 1102 2432 eam
1118 2364 1309 2450 emphasim,
1328 2381 1427 2450 quam
1440 2361 1587 2447 superius
1601 2359 1660 2448 66)

342 2463 549 2532 notavimus?
562 2464 679 2529 Eadem
697 2483 738 2529 na
760 2463 909 2532 adiuncta
930 2465 990 2531 bos
1011 2473 1043 2532 et
1066 2467 1249 2552 superiores
1268 2474 1373 2534 textus
1396 2463 1614 2532 comitantur?

430 2570 600 2633 Praeterea
619 2567 663 2632 II.
694 2567 766 2650 quis
791 2584 857 2631 non
880 2569 1033 2634 continno
1053 2570 1242 2655 perspiciat,
1268 2570 1347 2638 baec
1367 2570 1432 2637 dno
1458 2567 1498 2636 ab
1522 2567 1661 2634 invicem

267 2655 270 2660 ⁴
342 2677 414 2736 toto
438 2670 530 2736 coelo
559 2668 758 2753 discrepare:
786 2675 819 2736 ct
843 2668 933 2753 quod
953 2669 1072 2754 aliquid
1095 2673 1155 2754 sit,
1185 2670 1277 2756 quod
1301 2677 1447 2757 respectu
1470 2670 1573 2736 nostri
1595 2667 1660 2734 lius

343 2791 451 2838 carere
470 2771 613 2852 dicatur,
637 2772 713 2854 quia
730 2770 826 2836 linem
848 2771 1043 2838 numerando
1066 2791 1132 2840 non
1153 2775 1357 2857 attingimus:
1381 2780 1414 2842 et
1431 2772 1521 2857 quod
1540 2769 1660 2856 aliquid

342 2876 383 2943 ab
412 2878 483 2959 ipso
510 2877 578 2941 Deo
599 2874 698 2941 veluti
723 2893 899 2960 numquam
919 2876 1094 2942 desiturum
1121 2877 1348 2962 proponatur?

428 2979 572 3063 Denique
596 2979 656 3042 lll.
685 2977 876 3044 rectissimae
902 2984 977 3044 sunt
1005 2979 1213 3063 loquutiones
1237 2984 1271 3045 in
1295 2985 1448 3061 praesenta·
1473 2976 1656 3059 adhibitae,

342 3081 460 3167 quibus
477 3083 625 3161 tbcsocri,
649 3089 773 3162 peccota
782 3129 792 3161 ,
819 3083 905 3164 libri,
927 3083 1042 3146 labores
1056 3085 1152 3163 finam
1167 3103 1226 3146 noo
1240 3084 1350 3146 babere
1367 3080 1536 3168 dicuntur,
1554 3097 1658 3164 quan·

342 3182 518 3268 doquidem
542 3191 575 3249 et
598 3189 672 3248 actu
694 3174 937 3266 continuentur,
962 3191 995 3248 et
1017 3183 1114 3250 finem
1136 3183 1282 3252 nondum
1299 3185 1472 3267 attigerint.
1497 3182 1559 3248 Sed
1579 3179 1659 3266 quid

342 3287 483 3356 cumbis
503 3302 671 3350 commune
687 3283 785 3350 babet
804 3285 911 3353 divina
929 3285 1068 3372 sanctio,
1092 3306 1155 3372 qua
1174 3305 1295 3372 poenae
1312 3284 1469 3371 improbis
1485 3283 1657 3351 destinatae

342 3407 518 3475 numquam
543 3387 718 3468 desiturae,
745 3394 841 3471 atque
863 3388 979 3472 iugiter
1002 3387 1172 3456 duraturae
1197 3388 1432 3474 perhibentur?

804 3566 1101 3706 sonoriora
1138 3597 1182 3666 n.

342 3782 345 3788 “
432 3798 487 3874 20.
509 3795 711 3862 Petersenins
736 3794 770 3860 in
796 3798 950 3878 colloquio
976 3799 1014 3861 da
1038 3801 1221 3862 restitutione
1247 3803 1378 3862 mam
1402 3798 1454 3878 67)
1482 3791 1654 3860 difficulta-

344 4001 430 4084 quit‚
456 3999 613 4084 particula
638 4005 725 4084 troo,
749 4003 816 4084 abi,
833 4000 910 4068 ideo
930 4021 949 4068 a
967 4002 1134 4071 servatore
1154 4000 1342 4080 adhibetur,
1367 4001 1443 4084 quia
1463 4017 1568 4084 neque
1589 4015 1656 4062 ver·

343 4103 403 4169 mis
419 4101 641 4205 damnatorum
657 4104 828 4187 morietur,
846 4123 951 4192 neque
966 4107 1169 4190 extinguetur
1182 4103 1283 4190 ignis,
1299 4101 1451 4190 quamdiu
1465 4103 1500 4166 in
1512 4100 1653 4186 gebenna

431 4285 468 4341 60)
481 4291 511 4334 la,
527 4291 557 4335 ll.
572 4296 592 4335 7:
608 4290 704 4348 neptem
719 4295 752 4338 eat
768 4295 833 4338 terra
846 4296 942 4350 asyma>
953 4297 975 4338 ct
1106 4293 1142 4348 oti
1156 4291 1215 4337 lbld.
1234 4291 1285 4338 ΧΠ.
1307 4297 1343 4337 lt:
1364 4287 1475 4334 Focierula'
1489 4287 1569 4343 plures
1587 4285 1656 4331 libras

343 4373 411 4414 auro,
429 4363 450 4404 et
461 4373 508 4404 oon
519 4364 551 4404 est
556 4361 617 4417 fluis
628 4362 791 4408 tbcsuurorum
802 4365 859 4409 eiua.
1027 4366 1107 4410 nullus
1125 4368 1159 4408 est
1171 4365 1240 4422 stau.

430 4433 465 4488 ol)
479 4432 541 4477 nab.
550 4433 579 4477 ll.
591 4439 611 4478 a:
622 4434 653 4478 Et
662 4447 709 4478 uon
720 4439 753 4480 est
763 4436 824 4493 Jlnis
835 4435 975 4482 siluatica-una
1106 4437 1141 4494 66)
1154 4439 1172 4481 Ι.
1184 4437 1243 4481 'lina
1257 4437 1275 4480 1.
1294 4442 1315 4481 l:
1326 4435 1404 4490 Neque
1415 4432 1560 4478 intenderent
1566 4429 1655 4488 subulis

343 4495 371 4550 εὶ
385 4505 493 4549 omnib&
510 4504 572 4548 vatis
589 4506 788 4553 detiderabilt'itlc·
1027 4520 1049 4561 et
1067 4516 1205 4574 qeneolopie's
1222 4515 1396 4570 interminatis,
1416 4507 1460 4562 sui
1478 4507 1654 4579 γενεαλογίαις

429 4577 465 4631 66)
478 4576 528 4622 lob.
544 4578 615 4622 xxll.
631 4585 653 4633 l,
669 4585 689 4622 a:
706 4579 827 4636 Numquid
842 4579 924 4625 tiresus
935 4594 976 4626 ar·
1027 4582 1188 4655 ἀπεράντως.

343 4650 398 4706 μοι
413 4651 435 4691 ce
443 4679 510 4700 .....
519 4650 542 4690 es
555 4661 602 4692 aas
615 4643 742 4706 proptera
752 4649 873 4707 spanum
887 4650 977 4708 snum·
1105 4651 1140 4708 aa)
1153 4652 1210 4710 sup.
1228 4663 1252 4698 n.
1269 4658 1302 4698 ra.
1350 4639 1359 4658 ⁰

331 4722 403 4764 ·tctes
418 4721 492 4763 tuus?
1106 4725 1142 4777 67)
1159 4723 1213 4770 vol.
1231 4726 1248 4769 1.
1263 4735 1287 4782 p.
1306 4729 1353 4770 tlt.
1388 4721 1391 4724 ’

429 4793 464 4842 eat
478 4789 552 4835 Eocla.
564 4791 908 4856 {mommorenciacensem
1107 4795 1142 4852 oa)
1156 4797 1226 4842 llaro
1243 4797 1282 4842 lx.
1297 4803 1331 4866 qa,
1348 4801 1382 4842 la.
