3622 5464
314 302 358 366 rt
728 317 771 364 oa
792 317 1022 364 smannrrurn
1046 315 1227 362 rounuauar

314 451 445 500 manare
467 451 545 514 cos,
567 431 626 518 qni
641 432 761 518 impuri
775 437 809 498 et
821 432 929 498 iniusti
944 432 978 497 in
994 433 1098 498 mum
1114 437 1148 496 et
1164 431 1346 515 proximum
1367 435 1540 515 perpetuo
1564 428 1660 494 male·

318 534 388 602 voli
402 533 534 600 santi·

403 635 567 702 Consonat
581 635 788 702 Tunononus
803 633 966 700 Abuoarac
984 634 1202 718 episcopusin
1217 633 1441 718 disputatione
1455 639 1579 698 contra
1592 632 1663 698 Ori-

317 739 425 822 giuem
444 741 474 820 9)
498 737 658 804 scribens:
682 738 847 804 «Omnem
871 738 1026 804 iustitiam
1051 737 1101 802 rel
1123 756 1161 802 ex
1181 737 1239 802 Dei
1261 737 1350 819 lege,
1372 737 1429 802 vel
1451 755 1493 800 ex
1516 736 1659 818 legibus,

316 859 398 926 quas
422 841 569 906 homiues
591 841 768 919 sanxerint,
793 841 845 906 vel
868 859 906 906 ex
922 840 1019 904 rebus
1041 839 1241 906 naturalibus
1263 841 1507 924 cognoscimus.
1540 841 1691 904 Harum·

315 950 424 1010 autem
441 944 581 1009 iustitiae
606 944 780 1028 specierum
800 943 890 1008 nulla
909 942 1118 1027 temporalem
1134 960 1272 1026 poenam
1297 945 1436 1024 irrogat.
1467 945 1576 1008 Prout
1596 941 1665 1006 ior·

317 1047 446 1112 nicatur
462 1047 638 1130 quispiam,
659 1045 710 1110 vel
725 1044 864 1126 iuratur,
881 1043 931 1109 vel
946 1044 1065 1136 occidit
1080 1035 1174 1110 unius
1188 1045 1287 1110 horae
1303 1046 1431 1128 spacio;
1452 1050 1490 1109 at
1513 1047 1570 1108 icc
1588 1047 1659 1122 Ilei,

316 1151 527 1230 minoraque
553 1150 648 1228 tepea,
675 1145 869 1212 homicidam
893 1146 1007 1230 capitia
1029 1145 1229 1227 damnantes,
1261 1153 1476 1232 extremoque
1503 1146 1667 1230 supplicio

319 1250 535 1316 facinorosum
559 1249 697 1333 aliquem
723 1246 915 1330 allicientes,
933 1266 1000 1312 uon
1015 1249 1108 1313 unius
1122 1248 1158 1312 iu
1172 1267 1246 1312 enm
1264 1248 1363 1314 horae
1378 1250 1497 1333 spacio
1519 1247 1666 1318 animad-

321 1360 469 1433 vertunt3
493 1351 548 1418 sed
566 1352 592 1418 si
609 1357 712 1417 morte
729 1350 859 1434 quidem
878 1350 1038 1434 plectant,
1062 1355 1190 1416 aeterno
1213 1368 1287 1416 eum
1303 1351 1469 1436 supplicio
1494 1349 1663 1432 afficiunt,

318 1455 369 1520 ral
390 1456 417 1520 si
436 1453 622 1534 verberent,
645 1453 833 1518 diuturnum
854 1453 883 1516 ei
900 1451 1047 1518 dolorem
1069 1471 1108 1516 ex
1124 1452 1219 1518 rebus
1238 1452 1389 1518 inierunt.
1409 1453 1557 1533 Quinta
1580 1468 1664 1534 quo-

319 1576 383 1640 que
399 1557 425 1621 si
442 1555 623 1621 adulterum
641 1557 824 1638 quempiam
841 1573 913 1618 cum
930 1573 1046 1634 uxore,
1064 1553 1169 1619 filiave
1185 1553 1464 1639 deprehenderes,
1482 1573 1554 1618 non
1572 1553 1665 1618 unius

318 1660 409 1724 illum
426 1659 526 1724 horae
547 1659 655 1742 spacio
673 1657 894 1742 puniendum,
912 1656 969 1722 sed
988 1657 1215 1722 trucidandum
1231 1677 1392 1724 censeres:
1414 1658 1512 1742 quod
1532 1656 1663 1740 quidem

319 1767 482 1826 aeternum
504 1766 551 1824 est
571 1760 740 1824 hominurn
762 1758 967 1842 supplicium.
989 1759 1048 1824 Sed
1070 1760 1156 1842 ipsae
1177 1779 1308 1844 quoque
1325 1780 1427 1824 reram
1449 1769 1585 1824 caturae
1607 1776 1663 1842 pe-

319 1862 413 1928 rinde
433 1881 466 1926 se
492 1861 624 1927 habent.
654 1863 734 1928 Cum
758 1861 841 1926 enirn
857 1861 963 1940 ‚roobia
981 1881 1021 1926 ue
1047 1861 1219 1944 frigidam,
1242 1863 1332 1928 verbi
1355 1863 1483 1946 gratia,
1514 1862 1664 1927 bibamus

321 1983 457 2050 aquarn,
479 1984 560 2029 neve
581 1983 716 2048 quoquo
738 1965 837 2030 noxio
859 1964 920 2029 cibi
944 1982 1060 2046 genere
1079 1971 1225 2047 utamur,
1249 1965 1455 2032 interdictum
1472 1967 1536 2046 sit,
1556 1966 1591 2030 in
1608 1983 1661 2028 re-

323 2070 418 2135 titum
445 2073 552 2133 tamen
577 2071 740 2150 nitamur,
770 2067 937 2132 diuturnas
959 2068 1108 2132 nimirum
1130 2086 1251 2152 poenas
1276 2067 1400 2134 damus.
1429 2071 1551 2152 Itaque
1572 2083 1663 2148 saepe

321 2187 457 2234 numero
473 2169 532 2251 fit,
556 2176 593 2234 ut
616 2189 654 2234 ex
679 2170 815 2252 trigidae
838 2176 935 2254 potu,
959 2172 1081 2253 ignisne
1104 2177 1273 2250 contactu,
1296 2171 1347 2234 vel
1367 2173 1449 2236 aceti
1471 2189 1556 2249 usu,
1583 2187 1658 2234 con·

321 2274 445 2338 tinuum
465 2272 614 2337 morbum
637 2274 853 2338 incurramus:
879 2274 966 2356 atqui
987 2278 1100 2336 natura
1124 2273 1295 2338 iustissima
1316 2279 1396 2338 est.»

391 2375 453 2460 ¹ll.
479 2376 635 2440 Basrurus
650 2375 728 2438 haec
748 2375 998 2458 praeclarissima
1020 2374 1116 2440 habet
1135 2379 1207 2456 10):
1226 2378 1358 2443 «Unum
1377 2377 1441 2449 hoc
1458 2383 1510 2442 est
1527 2394 1568 2440 ex
1584 2373 1659 2438 arti·

322 2477 402 2542 ficiis
424 2477 566 2560 diaboli,
591 2484 628 2542 nt
645 2478 789 2542 homines
807 2477 978 2556 videlicet,
1003 2478 1089 2542 velut
1112 2476 1204 2542 obliti
1223 2479 1340 2544 horum
1364 2485 1396 2543 et
1418 2481 1555 2561 talium,
1580 2493 1659 2560 quae

323 2579 430 2662 posita
462 2585 537 2644 sunt
563 2579 724 2663 plerisque
755 2579 786 2642 in
812 2579 894 2644 locis
920 2597 1080 2644 sacrarum
1110 2579 1310 2664 litterarum,
1342 2600 1409 2665 quo
1434 2584 1561 2648 maiore
1588 2596 1658 2644 cum

249 2733 258 2754 .
323 2681 455 2746 audacia
477 2687 627 2764 peccent,
652 2681 714 2744 sihi
734 2673 811 2764 ipsis
831 2680 1183 2771 suppliciorumiiuem
1206 2683 1425 2766 confingant.»

412 2782 508 2876 Quod
520 2789 743 2864 argumentum
756 2783 895 2848 inculcat
908 2801 1039 2866 quoque
1052 2785 1278 2856 lirunonrssus
1289 2787 1428 2868 graviter
1437 2803 1577 2851 mouens
1589 2779 1654 2866 11):

327 2914 338 2936 ε
358 2886 478 2949 Evertit
499 2885 626 2968 penitus
646 2903 832 2969 perversum
854 2885 918 2950 hoc
938 2884 1057 2969 dogma
1072 2887 1221 2952 timorem
1237 2888 1316 2970 Dei,
1341 2887 1419 2953 duur
1437 2889 1534 2954 facile
1551 2885 1658 2951 homi-

324 3006 380 3052 nes
401 2987 555 3052 labuntur
576 2987 617 3052 ad
642 2989 735 3066 vitia,
762 2993 909 3072 putantes
926 2989 1020 3052 etiam
1046 2988 1228 3071 diabolum,
1251 2991 1308 3073 qui
1330 2997 1443 3055 auctor
1464 2997 1518 3056 est
1535 2996 1568 3055 et
1585 3005 1659 3072 pec·

324 3095 469 3154 catorum
492 3089 635 3154 omnium
658 3089 750 3168 lons,
775 3095 845 3153 acta
869 3092 1084 3174 poenitentia,
1110 3110 1204 3174 posse
1229 3093 1376 3158 salvari.»

270 3275 271 3278 Ἴ
385 3278 387 3282 Ι
412 3191 471 3256 111.
496 3193 552 3256 Est
567 3198 599 3258 at
616 3191 714 3256 altera
731 3191 832 3272 ratio,
855 3210 953 3275 quam
969 3193 1111 3258 adducto
1127 3194 1202 3259 loco
1221 3201 1315 3278 urget
1332 3199 1508 3260 Bastulus:
1530 3194 1589 3258 «si
1604 3209 1654 3256 ae·

324 3296 408 3361 terni
426 3293 576 3378 supplicii
592 3293 665 3358 fidis
679 3295 806 3360 iuturus
821 3301 868 3358 est
883 3295 1072 3379 aliquando,
1091 3297 1158 3362 sine
1175 3300 1396 3364 controversia
1411 3306 1562 3364 aeternae
1577 3297 1658 3360 ritae

324 3399 420 3462 eliam
437 3397 510 3462 erit.
530 3396 625 3479 Quod
646 3397 672 3461 si
694 3397 758 3463 hoc
779 3398 813 3460 iu
831 3403 959 3462 aeterna
975 3398 1042 3463 vita
1058 3399 1145 3464 nullo
1162 3399 1260 3465 modo
1278 3419 1448 3484 possumus
1464 3400 1656 3481 intelligere,

325 3518 482 3583 quaenam
508 3499 615 3563 afferri
636 3501 716 3564 ratio
742 3504 867 3582 potest,
897 3499 1105 3581 quamobrem
1131 3507 1295 3566 aeternum
1318 3502 1512 3586 supplicium
1532 3499 1655 3566 ¹habere

324 3601 421 3666 linem
446 3599 598 3666 dicatur?
621 3599 806 3684 Aequaliter
830 3601 915 3664 enim
942 3607 1009 3666 tam
1032 3600 1107 3666 huic
1133 3620 1231 3687 quam
1250 3605 1299 3670 illi
1320 3603 1515 3670 aeternitatis
1537 3599 1654 3668 additio

326 3704 448 3770 adiectu
470 3709 551 3769 est.»
719 3701 721 3706 ’

413 3805 470 3868 lv.
497 3806 724 3870 Hannonrssus
750 3822 827 3868 vero
856 3805 1052 3890 opinionem
1074 3790 1210 3887 eor'um,
1240 3809 1297 3892 qui
1319 3808 1459 3875 loturam
1486 3802 1656 3892 aliquando

325 3906 553 3974 damnatorum
570 3905 807 3971 restitutionem
824 3905 942 3972 docere
959 3925 1025 3972 non
1041 3907 1246 3991 verebantur,
1265 3910 1362 3974 veluti
1377 3909 1547 3992 indiguum
1564 3907 1653 3992 plane

326 4016 542 4075 commentum
569 4010 727 4091 exagitat,
757 4009 836 4074 dum
862 4008 976 4084 eodem
1002 4027 1099 4094 quem
1126 4011 1235 4094 paullo
1263 4017 1336 4076 ante
1364 4011 1553 4077 adduximus
1581 4009 1653 4072 loco

326 4114 452 4196 pergit:
477 4114 541 4176 «Si
559 4113 642 4176 euim
664 4129 776 4176 ornnes
796 4111 1003 4177 rationabiles
1025 4119 1190 4190 creaturae
1207 4113 1355 4196 aequales
1379 4120 1470 4192 sunt,
1496 4120 1528 4177 ct
1554 4109 1653 4174 velex

326 4214 517 4296 virtutibus,
546 4213 597 4276 vel
622 4231 660 4276 ex
684 4213 768 4276 vitiis
794 4218 910 4296 sponte
937 4214 1070 4296 propria
1100 4220 1155 4278 aut
1180 4233 1305 4278 sursum
1332 4215 1517 4298 eriguntur,
1548 4217 1603 4276 aut
1623 4207 1653 4270 iu

325 4318 389 4380 ima
409 4321 614 4397 merguntur,
639 4320 671 4378 et
691 4315 790 4396 longo
808 4320 882 4399 post
897 4315 1055 4397 circuitu,
1079 4321 1174 4398 atque
1191 4315 1323 4380 infinitis
1340 4315 1489 4396 saeculis,
1514 4313 1649 4378 omnium

327 4436 433 4482 rerum
457 4417 617 4482 restitutio
643 4414 722 4500 liet,
752 4422 784 4480 et
810 4435 874 4481 una
899 4415 1040 4502 dignitas
1067 4417 1290 4499 militantium
1315 4435 1397 4500 quae
1422 4417 1570 4482 distantia
1596 4409 1653 4474 eril

419 4619 441 4668 o)
456 4615 571 4672 oropum.
593 4615 653 4660 mr.
671 4615 695 4659 tn
715 4614 827 4660 nummu.
849 4583 903 4659 vat.
921 4615 965 4659 rr.
1112 4616 1143 4671 ro)
1158 4612 1184 4660 rn
1203 4616 1300 4671 negaris
1317 4614 1479 4670 socerorum,
1494 4604 1653 4670 interpolatio

326 4688 408 4732 r.1v.
1019 4683 1148 4729 ccuxvu.

1112 4754 1144 4810 Η)
1159 4753 1288 4799 comment.
1302 4753 1326 4798 in
1341 4765 1392 4811 cap.
1407 4755 1447 4800 lll.
1462 4754 1539 4799 lonae.
