3622 5464
780 435 838 507 DE

175 684 842 833 AETERNITATE
895 679 1443 828 POENARUllI

507 1019 796 1096 IUDICIUM
837 1018 1114 1096 RATIONIS

619 1283 1002 1320 ----000---

678 1517 881 1590 Lemma
918 1520 945 1588 l.

244 1772 275 1830 1.
302 1677 469 1839 Ratione
485 1760 704 1844 intelligimus,
725 1760 844 1846 duplex
864 1779 988 1845 poenae
1001 1772 1102 1846 genus
1115 1760 1375 1846 distinguendum
1392 1777 1473 1844 esse,

153 1871 336 1956 parnasum
360 1872 393 1931 et
411 1867 584 1947 posic'com.
609 1863 695 1930 Illud
721 1865 900 1948 privatione
921 1865 1104 1932 continetur
1125 1863 1227 1945 boni,
1250 1863 1340 1949 qood
1363 1881 1477 1948 perso·

157 1989 228 2050 nae,
253 1969 342 2054 qnod
362 1967 471 2048 statui,
491 1966 581 2052 quod
605 1966 784 2034 conditioni
807 1967 987 2050 deberetur,
1012 1968 1038 2034 si
1058 1967 1138 2034 nihil
1152 1966 1289 2034 obesset.
1317 1967 1389 2032 Hoc
1413 1983 1476 2050 pu·

156 2073 312 2136 nitionem
333 2068 488 2151 includit,
515 2087 579 2154 qna
600 2070 634 2133 in
657 2073 747 2134 reum
773 2068 1048 2149 animadvertitur,
1075 2087 1138 2153 qua
1158 2086 1232 2134 raus
1253 2067 1415 2152 plectitur,
1444 2073 1478 2132 et

156 2175 236 2240 male
261 2168 422 2238 habcmr.'
436 2173 561 2238 Poenae
584 2171 757 2255 privativae
779 2171 960 2256 exemplum
980 2170 1080 2237 habes
1102 2171 1136 2236 in
1160 2171 1278 2252 exilio,
1310 2188 1377 2254 quo
1399 2169 1479 2236 civis

85 2269 87 2272 ’
155 2277 279 2361 patriae
297 2275 394 2340 bonis
415 2275 572 2358 privatur.
598 2274 640 2338 lt
661 2274 815 2358 positivae
838 2275 873 2339 in
889 2273 1082 2354 verberibus,
1108 2279 1191 2358 quae
1211 2271 1395 2339 criminibus
1419 2270 1480 2337 ob·

156 2378 254 2443 nonio
279 2376 476 2460 infliguntur.
979 2379 981 2382 ’

674 2579 878 2652 LEMMA
917 2581 963 2652 11.

249 2787 281 2849 2.
307 2785 461 2869 Perspicit
477 2784 560 2849 ratio
581 2801 674 2868 posse
690 2785 806 2867 Deum,
831 2785 928 2850 immo
947 2792 979 2850 et
1000 2785 1116 2852 debere
1139 2787 1241 2870 legem
1257 2803 1346 2851 suern
1367 2785 1481 2869 poenis

159 2907 233 2954 cum
255 2887 442 2972 privativis,
465 2892 534 2952 tum
559 2889 705 2971 positivis
724 2887 858 2952 sancire.
889 2888 936 2952 Ne
958 2887 1052 2972 plura
1080 2905 1250 2971 congeram
1272 2888 1306 2952 in
1330 2905 1366 2951 rc
1391 2905 1483 2951 com-

159 2997 270 3076 perta,
296 2990 361 3053 hoc
388 3007 488 3053 unum
510 2989 669 3054 monebo:
693 2989 817 3054 detrahi
836 3007 903 3053 non
928 3008 1022 3074 posse
1048 2991 1137 3071 Deo,
1164 3008 1245 3073 quae
1269 2989 1416 3054 humanis
1437 2988 1485 3054 le·

161 3091 395 3174 gumlatoribus
419 3091 614 3156 tribuuntur.
643 3093 741 3176 Atqui
764 3110 858 3160 nemo
885 3097 933 3156 est
962 3092 1019 3175 qui
1044 3091 1192 3157 humanis
1217 3090 1494 3174 legumlatoribus

163 3211 231 3258 non
255 3193 388 3276 tribuat,
414 3192 504 3277 quod
526 3193 588 3278 ipsi
610 3200 642 3258 et
666 3195 792 3278 possint
816 3200 849 3258 et
875 3192 1013 3258 debeant
1034 3191 1197 3258 custodiae
1222 3193 1330 3278 logum
1355 3209 1482 3258 suarum

163 3294 366 3378 prospicere,
394 3295 525 3364 adiectis
547 3295 662 3380 poeuis
688 3314 762 3362 curn
783 3297 967 3380 privativis,
991 3302 1061 3360 tum
1081 3295 1238 3380 positivis.
1263 3297 1367 3362 Immo
1393 3292 1483 3379 quod

165 3396 310 3462 humanis
329 3397 593 3482 legumlatoribus
614 3399 774 3481 asseritur,
799 3397 834 3467 id
854 3399 976 3483 potiori
999 3399 1070 3469 iure
1094 3397 1299 3467 merendum
1319 3415 1387 3464 esse
1414 3399 1485 3464 Deo

165 3499 216 3566 vel
243 3499 355 3566 exinde
379 3501 472 3569 etiem
501 3505 612 3585 patet,
640 3499 731 3584 quod
759 3497 900 3569 bumana
927 3500 1049 3568 muctio
1075 3499 1213 3570 munem
1238 3506 1420 3587 supponet,
1454 3505 1487 3568 ct

163 3621 232 3670 non
250 3621 399 3668 vrcmsrm.

677 3813 877 3886 Lunna
914 3801 984 3885 111.'

254 4019 286 4082 3.
313 4017 417 4082 Docet
439 4019 522 4086 ratio
544 4017 647 4086 multo
671 4019 772 4100 magis
795 4017 837 4084 ad
862 4017 1088 4100 legumlatores
1110 4025 1279 4102 spectare,
1310 4024 1347 4082 ut
1374 4016 1487 4112 poenis

167 4118 328 4184 insontes
344 4118 614 4200 animadvertant,
640 4125 737 4204 etque
758 4137 830 4186 suas
850 4125 1021 4203 protegant
1044 4120 1145 4203 leges,
1172 4137 1267 4204 quam
1292 4119 1333 4186 ed
1358 4117 1488 4186 eosdem

170 4228 290 4302 spectet
303 4223 445 4307 praemia
458 4223 660 4306 distribuere,
680 4230 714 4290 et
732 4223 879 4308 praemiis
894 4222 938 4289 ad
953 4223 1177 4292 custodiendas
1191 4226 1278 4308 leges
1295 4241 1485 4308 provocare.

257 4325 366 4410 lleque
379 4324 415 4392 id
432 4325 529 4393 docet
546 4327 628 4395 ratio
646 4345 685 4392 eo
701 4327 806 4394 solum
822 4327 963 4408 nomine,
980 4326 1031 4393 vel
1046 4327 1260 4411 potissimum,
1282 4324 1373 4410 quod
1388 4343 1489 4410 quum

171 4423 270 4493 unius
287 4425 477 4510 legislatoris
500 4428 542 4495 sit
570 4427 703 4513 punire,
728 4434 843 4505 contm
866 4427 935 4494 aliis
956 4429 1053 4497 etiem
1076 4429 1232 4513 competit
1256 4429 1396 4513 praemia
1419 4447 1491 4494 ero-

170 4524 266 4608 gandi
288 4527 440 4612 facultas;
465 4550 577 4595 verum
601 4551 639 4595 co
654 4532 837 4615 praesertim
852 4532 879 4596 Ι.
905 4531 996 4615 quod
1014 4531 1115 4599 maior
1139 4532 1182 4600 sit
1201 4531 1317 4599 iniuria
1332 4531 1492 4616 imperan-

169 4628 211 4692 tis
233 4631 389 4697 maiestati
412 4633 500 4698 illota
522 4651 580 4717 per
600 4633 680 4718 legis
700 4633 927 4716 violationem,
947 4651 1042 4717 quam
1065 4633 1254 4718 obsequium
1277 4632 1378 4698 eidem
1403 4631 1491 4712 dela·
1560 4720 1563 4724 ,

170 4736 251 4813 tum,
272 4741 395 4800 servata
408 4735 497 4819 lege3
515 4737 559 4801 ΙΙ.
576 4733 665 4820 quod
680 4736 808 4818 gravium
823 4737 864 4801 sit
882 4736 1050 4816 damnum,
1072 4735 1161 4820 quod
1176 4755 1214 4802 ex
1227 4735 1352 4804 violetis
1366 4733 1491 4817 legibus
