3622 5464
316 261 358 324 20
722 276 766 325 nx
787 275 1016 326 murmura
1037 273 1222 324 musanus

314 397 426 457 dorm
436 397 666 475 sempitrnum:
681 392 862 460 Theodosio
873 401 1000 460 autem:
1024 393 1076 454 sai
1092 393 1187 455 πολλοὶ
1201 405 1253 456 τῶν
1269 393 1482 454 amnestiam
1501 395 1533 452 lv
1551 409 1602 474 pac
1618 409 1675 474 χαν-

315 522 381 578 ματι
402 475 640 578 iitptpbifcosrat,
659 491 737 558 οὗτοι
755 504 790 565 tir
803 495 872 567 ζωὸν
890 503 1022 576 αἰώνιον,
1042 498 1087 558 καὶ
1106 503 1183 560 οὗτοι
1200 503 1238 566 ιΙς
1250 496 1407 580 ὀνειδισμὸν
1423 499 1483 557 καί
1504 500 1547 566 εἰς
1566 505 1673 580 αἰσχύ-

315 626 363 666 suu
387 603 509 662 αἰώνιον.
533 603 575 664 Et
593 603 684 664 multi
706 602 744 665 de
766 603 900 683 Μηρώ
924 593 1076 666 dormitm
1096 607 1129 666 iu
1152 609 1250 666 torm
1267 603 1417 684 pulvere,
1450 605 1672 684 wlfilobvni:

315 705 373 768 olii
392 707 425 769 ia
445 709 537 768 uitam
558 711 725 784 aetenum,
750 711 779 767 ct
799 706 855 769 olii
873 709 907 768 ia
926 705 1138 788 opprobrium,
1160 712 1189 767 ct
1209 709 1242 768 in
1255 703 1467 784 mastonem
1493 711 1673 794 oeternum.

405 808 459 871 Ὦ.
484 807 599 890 ltaque
621 805 711 890 qood
733 805 871 890 vulgato
895 812 927 871 et
947 805 1162 872 Theodotioni
1182 811 1248 887 ost,
1272 811 1305 870 ta
1321 808 1463 888 pulvere
1492 814 1625 888 terroe,
1649 812 1675 868 ἑν

317 927 366 990 γῆς
392 920 518 992 χώματι,
548 907 742 974 alexandrini
768 909 1019 994 interpretantur
1047 913 1073 968 tl
1104 923 1142 988 τῷ
1169 913 1266 970 elem
1296 923 1354 976 τῆς.
1369 923 1435 988 γῆς.
1464 907 1536 974 sed
1562 915 1676 974 textus

316 1027 433 1093 babet:
460 1027 690 1121 'tby'l'lmlffi
711 1021 746 1088 id
769 1029 836 1108 eat,
866 1030 903 1089 ut
928 1025 1024 1108 vulgo
1051 1031 1240 1110 exponunt,
1264 1033 1347 1090 tar-ro
1364 1027 1536 1107 parvam.
1566 1027 1676 1111 Atqui

316 1157 397 1222 nibil
419 1156 571 1242 impedit,
597 1154 769 1240 quominus
791 1154 998 1248 'ibiflui-218
1028 1160 1192 1220 vertantur
1214 1158 1241 1214 tv
1266 1171 1304 1238 τῷ
1329 1159 1431 1217 πλάτα
1461 1171 1516 1224 τῆς
1543 1169 1613 1236 γῆς,
1643 1161 1674 1219 iu

315 1263 471 1342 superficie
495 1268 604 1323 terrac.
633 1258 711 1323 llam
736 1261 877 1341 quatuor
897 1255 1019 1323 radices
1047 1267 1150 1344 nint,
1176 1267 1277 1345 itm,
1301 1270 1371 1331 ΕΠ
1394 1266 1432 1326 et
1459 1271 1576 1345 n'lrl,
1604 1251 1678 1324 ori?

317 1362 391 1443 gine
412 1361 576 1445 inspecta,
600 1359 635 1424 in
651 1377 745 1424 unam
761 1358 965 1445 eamdemque
982 1363 1095 1426 ttreadt
1108 1363 1273 1429 notionem
1287 1364 1520 1446 conveniunt,
1544 1381 1586 1429 ex
1604 1381 1672 1447 qua

318 1462 468 1547 deinceps
489 1463 565 1527 vivo
590 1462 719 1542 linguae
746 1479 807 1526 usn
831 1459 1058 1528 diversissimae
1081 1465 1292 1530 effloruerunt
1315 1464 1591 1549 significationes
1621 1481 1672 1526 se-

318 1591 501 1657 cundariae.
526 1592 655 1654 linenda
674 1590 893 1657 conformatur
916 1595 1101 1674 superficias,
1128 1593 1203 1659 binc
1227 1596 1342 1696 Πῷῃξ
1360 1597 1506 1682 proprie
1529 1599 1670 1679 superfi-

317 1714 392 1790 cies,
418 1706 478 1768 aa?
500 1709 595 1786 ὶενχὴν
617 1712 787 1791 superficies
812 1715 926 1788 terrac,
958 1713 1054 1793 atque
1077 1708 1152 1774 inde
1172 1710 1241 1794 ipsa
1265 1717 1358 1776 terro.
1386 1710 1505 1791 Quare
1527 1709 1667 1776 alexan-

318 1808 409 1876 drina
431 1810 652 1894 interpretatio
678 1808 856 1875 nullatenus
880 1812 1000 1876 censeri
1024 1817 1132 1896 potest
1153 1812 1322 1878 aventato
1346 1819 1458 1879 textus
1483 1813 1613 1880 aliena.

408 1916 434 1978 Α
452 1920 542 1980 textu
566 1915 674 1998 potius
693 1911 816 1978 abludit
835 1913 968 1998 repetita
989 1911 1173 1980 distributio
1195 1921 1220 1976 ot
1235 1917 1282 1992 tt,
1301 1921 1326 1976 et
1342 1917 1388 1997 tt,
1407 1935 1480 2002 qua
1498 1922 1536 1984 et
1556 1920 1666 1982 textus

318 2013 405 2098 ipae,
428 2021 460 2080 at
481 2016 643 2082 versiones
664 2021 785 2082 carent.
1157 2075 1160 2082 .

407 2119 552 2202 Denique
572 2119 683 2203 quaeri
702 2123 827 2203 potest,
848 2118 935 2188 unde
959 2119 1156 2186 alexandrini
1176 2119 1408 2205 desumpserint
1429 2119 1583 2190 illudet:
1601 2121 1663 2180 δια·

309 2226 442 2304 meopte,
462 2221 549 2305 quod
575 2227 608 2286 et
628 2223 661 2286 in
687 2226 796 2304 textu,
824 2228 858 2287 ct
881 2221 915 2286 in
940 2221 1140 2288 versionibus
1164 2222 1375 2290 desideretur.
1401 2223 1529 2308 ltaque
1553 2229 1667 2294 textus

318 2338 415 2422 legit:
442 2319 534 2432 utto
563 2314 696 2431 pap}
724 2313 870 2432 stupri}
896 2313 1010 2433 ubst,
1033 2346 1062 2402 νν
1083 2341 1140 2404 νιν·
1162 2338 1359 2424 evsguamnt
1380 2340 1423 2403 aa
1442 2342 1596 2422 precra,
1618 2337 1662 2402 m

922 2407 934 2432 'n'

310 2469 460 2534 ,nauseam
470 2465 741 2549 perpetuom.,scd
756 2479 833 2542 rm
848 2518 860 2552 ‚
887 2468 971 2534 unda
993 2458 1125 2560 l'ltl'ffia
1147 2467 1303 2534 eiusmodi
1320 2473 1368 2534 est
1383 2467 1549 2550 verbum,
1569 2463 1661 2552 quod

320 2567 407 2653 apud
425 2569 535 2633 arabes
553 2567 709 2651 significat
729 2588 796 2636 non
821 2570 920 2636 modo
946 2569 1095 2655 pestilera
1117 2569 1212 2655 plaga
1232 2569 1395 2654 laborare,
1417 2569 1660 2636 verumetiam

319 2691 472 2753 sporgere.
503 2672 589 2753 Ergo
620 2672 815 2739 alexandrini
840 2672 961 2766 idcirco
989 2674 1120 2738 iunxere
1145 2672 1241 2738 simul
1266 2680 1305 2741 νὶς
1336 2677 1498 2754 διασπορὰν
1534 2673 1588 2735 ναν·
1622 2677 1657 2738 εἰς

320 2780 456 2853 αἰσχύνην
480 2779 605 2852 αἰώνιον,
630 2775 721 2858 quod
743 2784 913 2861 utramque
933 2789 984 2838 roo
1010 2787 1085 2847 rtt't
1107 2779 1272 2843 notionem
1294 2778 1471 2861 exprimere
1494 2778 1636 2845 vellent.

408 2878 469 2943 Sed
491 2878 530 2944 de
553 2879 602 2944 bis
623 2879 697 2962 plus
720 2881 813 2963 satis,
840 2880 882 2947 ad
906 2888 1128 2966 argumentum
1149 2880 1256 2965 ipsum
1278 2879 1513 2962 regrediamur.

410 2982 465 3045 23.
490 2980 595 3047 Edicit
619 2980 781 3066 Christus,
803 2983 1019 3067 reproborum
1044 3001 1179 3068 poenam
1203 2982 1274 3048 iore
1293 2988 1473 3065 aeternam,
1495 2979 1660 3070 quemod-

314 3083 456 3150 ¹modum·
480 3092 608 3150 aeterna
630 3085 739 3153 futura
761 3092 810 3151 eat
831 3088 990 3154 iustorum
1010 3089 1086 3153 vita.
1113 3086 1294 3168 Praeclare,
1319 3085 1376 3153 sed
1399 3104 1484 3171 quae
1509 3088 1576 3152 erit
1597 3101 1652 3151 ae·

320 3188 453 3253 tennitas
467 3187 550 3253 vitae
566 3188 752 3253 iustorum?
771 3209 849 3255 num
869 3191 1065 3275 impropria,
1091 3196 1124 3255 et
1146 3207 1228 3274 quae
1245 3187 1375 3254 tandem
1395 3187 1493 3254 finem
1509 3184 1657 3254 habeat?

320 3291 421 3355 Nemo
442 3289 478 3354 id
492 3289 650 3356 affirmare
666 3293 757 3356 ausit.
780 3293 866 3375 Ergo
885 3299 1042 3378 perpetuo
1060 3293 1169 3356 virent
1185 3291 1280 3372 iusti,
1302 3298 1334 3356 ct
1351 3292 1497 3375 ipsorum
1515 3290 1656 3357 felicitas

321 3391 412 3456 nullo
432 3389 497 3457 fine
523 3392 702 3459 claudetur.
730 3393 791 3460 Sed
815 3394 925 3459 eadem
947 3413 1020 3460 cum
1044 3394 1127 3459 ritae
1152 3399 1185 3457 et
1205 3392 1349 3459 felicitati
1370 3394 1553 3476 iustorum,
1582 3398 1653 3457 tum

321 3493 537 3577 reproborum
565 3513 687 3579 poenae
713 3495 838 3561 duratio
867 3495 1070 3561 adscribitur.
1101 3495 1188 3578 Ergo
1216 3495 1408 3578 sempiterna
1433 3493 1493 3560 erit
1519 3500 1554 3559 et
1579 3490 1654 3558 linis

321 3613 434 3679 expers
457 3596 704 3679 animadversio,
734 3615 800 3682 qua
822 3597 979 3682 reprobos
1003 3599 1087 3663 Deus
1111 3596 1290 3662 mulctabit.

411 3700 443 3765 Si
471 3699 528 3783 qui
553 3699 763 3780 dissentiant,
795 3699 829 3764 bi
857 3717 981 3764 necesse
1008 3705 1057 3764 est
1082 3703 1287 3783 propugnant
1313 3698 1347 3762 in
1375 3715 1441 3762 uno
1467 3696 1650 3780 eodemque

321 3797 473 3886 perbrevi
484 3808 658 3885 contextu,
679 3819 744 3886 quo
765 3807 897 3883 supremi
920 3803 1027 3865 indicis
1042 3804 1187 3865 sententio
1205 3801 1406 3880 continetur,
1429 3818 1530 3864 unum
1545 3799 1649 3864 idem·

251 3906 254 3912 '
322 3922 387 3988 que
410 3905 606 3970 vocabulum
629 3907 804 3988 aequivoce
832 3905 952 3989 accipi:
987 3922 1112 3970 necesse
1138 3910 1188 3968 est
1218 3910 1445 3987 propugnant,
1472 3904 1650 3966 seutentiam

322 4007 424 4091 ipsam
451 4025 519 4072 esse
542 4013 755 4089 aequivocam,
788 4013 821 4072 et
847 4005 894 4072 ibi
913 4008 1034 4072 incerta
1057 4014 1154 4091 atque
1178 4005 1277 4072 dubia
1303 4004 1449 4071 adbiberi
1471 4003 1643 4080 vocabula,

322 4109 380 4174 ubi
401 4109 560 4175 certitudo
582 4117 614 4174 et
631 4109 853 4177 determinatio
870 4111 1073 4196 potissimum
1091 4109 1318 4193 efflagitantur.
1339 4108 1544 4191 Exciperetur
1561 4123 1649 4172 com·

323 4215 412 4277 muni
439 4212 606 4291 irrisione,
640 4214 695 4296 qni
721 4215 754 4277 in
780 4213 910 4277 humani
938 4213 1051 4278 iudicis
1074 4213 1229 4278 sententia
1255 4210 1451 4295 improprios
1480 4227 1590 4273 sensus
1616 4210 1646 4268 et

325 4313 528 4397 metaphoras
552 4320 801 4380 consectaretur.
828 4317 973 4398 Ergone
1000 4333 1104 4399 aequo
1129 4317 1286 4398 patiemur
1311 4315 1437 4393 animo,
1465 4316 1501 4375 ut
1524 4310 1565 4374 ad
1585 4309 1646 4373 im-

324 4418 477 4502 proprios
498 4436 608 4482 seusus
631 4424 663 4482 et
683 4417 887 4501 metaphoras
908 4417 1008 4484 divini
1031 4417 1145 4483 indicis
1167 4416 1265 4482 verba
1286 4411 1560 4497 detorqueantur?

392 4522 518 4601 .Quare
542 4519 756 4585 decretorium
779 4520 873 4604 plane
898 4527 944 4585 est
965 4526 1208 4601 argumentum,
1232 4515 1322 4601 quod
1345 4534 1384 4580 ex
1405 4514 1511 4580 verbis
1531 4509 1643 4580 Christi

326 4623 522 4704 Augustinus
543 4620 693 4686 informat
712 4621 783 4701 iil:
814 4649 825 4675 ν
846 4622 988 4688 cbristus
1009 4623 1043 4690 in
1064 4640 1130 4686 uno
1153 4619 1331 4703 eodemque
1345 4616 1440 4700 loco,
1463 4616 1496 4683 in
1512 4631 1576 4681 una
1593 4628 1642 4675 es·

415 4763 451 4816 7⁴>
465 4763 501 4813 oe
511 4761 612 4814 otmaro
626 4763 686 4820 Det,
703 4763 766 4818 tlbm
778 4765 839 4818 xxt·
855 4764 929 4824 mute
944 4765 1025 4813 xxru.
