3622 5464
343 335 381 398 tt
747 355 791 404 ns
812 353 1044 404 umorem
1066 353 1252 406 musana

337 481 419 536 torro
436 479 499 536 eiua
521 479 556 562 iot
565 477 664 556 picem
682 476 845 538 arduom.
870 477 960 537 Nocte
982 481 1012 538 et
1031 475 1081 538 die
1099 493 1157 538 non
1181 481 1385 558 oubnpuetnr,
1407 479 1441 540 io
1457 483 1677 558 smpiternam

335 577 473 640 mceodet
488 576 595 656 somus
620 583 708 640 eiua:
731 597 752 640 u
768 581 958 658 pssoronoss
981 581 1013 642 iu
1036 584 1255 658 pomatium
1275 580 1469 659 desolabitur,
1492 582 1526 644 io
1549 581 1676 644 mento

334 680 519 744 soeculorum
537 699 596 743 non
621 685 679 743 ortt
703 685 848 744 transiens
866 699 924 760 per
944 699 1020 743 eom.
1042 682 1146 745 Porro
1171 699 1209 746 ex
1228 680 1357 747 dnobus
1375 682 1585 748 alterutrum:
1613 689 1675 748 ant

335 782 434 847 verba
451 781 577 860 desunt,
597 781 716 867 quibus
731 781 886 847 desolatio
904 789 1093 867 perpetuum
1112 781 1263 849 duratura
1277 782 1492 867 describatur,
1509 791 1566 850 ant
1586 784 1674 849 eins·

337 885 425 952 modi
449 885 690 960 amnicorum,
715 903 798 968 qnae
820 883 952 950 adhibet
975 886 1087 969 lenias,
1109 892 1143 950 ct
1164 884 1324 952 Iohannes
1347 887 1503 953 imitatur.

424 989 632 1054 convincitur
649 989 706 1052 IV.
728 987 915 1054 inductione
936 988 1084 1054 locorum
1102 989 1258 1069 omnium,
1283 989 1453 1074 inquibus
1479 990 1557 1056 haec
1584 991 1673 1074 peri·

337 1091 459 1174 phrasis
478 1092 515 1156 stc
534 1091 595 1158 sot:
616 1092 716 1157 αἰῶνας
735 1095 790 1150 ταῖν
811 1092 912 1150 αἰώνων
929 1092 1074 1156 recurrit.
1096 1093 1139 1155 Ea
1156 1097 1263 1156 autem
1281 1109 1455 1175 numquam
1471 1093 1503 1157 in
1520 1093 1674 1157 versione

336 1194 538 1260 alexandrina
554 1195 683 1278 legitur,
699 1200 732 1259 et
746 1195 780 1258 in
795 1197 887 1260 Novo
902 1195 1102 1258 'testamento
1122 1192 1293 1260 adhibetur
1308 1193 1475 1260 dumtaxat
1494 1195 1546 1260 rel
1565 1191 1604 1259 dc
1618 1194 1675 1258 le-

336 1299 453 1364 ticitate
477 1299 652 1364 electorum
678 1299 730 1377 35)
754 1304 787 1362 et
813 1297 854 1362 de
880 1297 1006 1382 gloria,
1029 1315 1124 1380 qnam
1147 1297 1207 1380 ipsi
1232 1299 1301 1363 Deo
1323 1297 1492 1380 referunt,
1516 1304 1548 1364 et
1572 1313 1673 1381 qnam

335 1402 513 1467 vicissima
537 1404 605 1466 Deo
629 1401 781 1467 incaelis
802 1401 959 1484 accipient
984 1396 1053 1484 36),
1079 1399 1127 1463 vel
1152 1399 1192 1464 de
1211 1401 1276 1465 vita
1298 1401 1485 1480 immortali,
1510 1417 1574 1485 qna
1594 1405 1673 1484 post

335 1506 601 1570 resurrectionem
622 1505 766 1570 Christus
790 1504 908 1568 truitnr
929 1504 995 1584 ³7),
1015 1503 1066 1568 vel
1087 1502 1128 1568 de
1151 1509 1307 1587 perpetuo
1329 1503 1449 1568 Christi
1471 1521 1573 1586 regno
1598 1503 1668 1584 ³8),

337 1604 387 1670 iel
412 1606 550 1690 denique
569 1605 609 1672 de
622 1607 692 1690 ipsa
709 1607 776 1670 uita
792 1606 851 1669 Dei
869 1607 933 1684 39).
958 1607 1069 1688 itaque
1090 1605 1284 1689 periphrasis
1300 1612 1349 1670 est
1367 1605 1458 1684 haec,
1481 1621 1563 1690 quae
1582 1621 1670 1688 quo·

335 1709 396 1772 ties
418 1713 604 1792 usurpatur,
631 1709 669 1772 iis
691 1707 832 1792 exceptis
854 1705 947 1789 locis,
968 1704 1009 1771 de
1034 1724 1172 1789 qnorum
1194 1705 1425 1790 significatione
1447 1723 1556 1772 snmus
1577 1705 1671 1772 solli·

208 1869 210 1876 ,
336 1811 402 1888 citi,
419 1813 516 1876 toties
535 1810 736 1875 durationem
756 1810 907 1894 exprimit
923 1809 1020 1874 nullis
1039 1810 1220 1876 conclusam
1238 1808 1369 1874 finibus.
1387 1811 1472 1892 Ergo
1489 1809 1670 1875 inserviunt

335 1913 471 1996 turpiter
489 1913 673 1998 hypothesi,
693 1918 725 1979 et
745 1919 890 1998 pugnant
911 1919 1024 1978 contra
1041 1917 1161 1977 aemam
1180 1911 1442 1996 exploratumque
1458 1911 1670 1993 significatio-

336 2033 422 2094 nem,
444 2017 501 2100 qui
527 2017 727 2100 periphrasin
750 2017 787 2085 αέα
802 2019 866 2084 τοὺς
882 2018 978 2082 elisas
996 2021 1048 2076 τῶν
1066 2018 1167 2076 αἰώνων
1191 2015 1231 2081 de
1251 2019 1362 2100 poenis
1385 2014 1577 2096 adhibitam,
1595 2016 1671 2098 qni-

336 2119 397 2184 bns
416 2119 556 2204 improbi
573 2119 780 2202 mulctantur,
806 2120 847 2187 ad
869 2127 988 2188 certam
1008 2120 1195 2206 quamdam,
1216 2137 1351 2204 eamque
1375 2119 1545 2185 desituram
1569 2117 1669 2184 dura·

336 2222 457 2287 tionem
480 2229 644 2288 coercent.
973 2303 978 2314 ¹

423 2325 632 2391 Convinoitnr
651 2327 691 2392 V.
713 2333 861 2391 accurata
879 2326 1133 2392 consideratione
1152 2323 1325 2390 uerborum
1341 2324 1578 2410 apocalypseos
1596 2323 1663 2405 tot:

337 2429 390 2490 [αἱ
409 2425 436 2488 a‘o
458 2431 487 2488 ia
511 2435 562 2491 τῶν
589 2433 730 2510 τεσσάρων
753 2435 827 2500 ζαέων
850 2429 935 2490 ἔδωκε
962 2443 1022 2495 ταῖς
1043 2430 1251 2508 inscie-psthac:
1271 2428 1344 2490 ι’πτά
1358 2429 1453 2508 φιάλας
1469 2431 1588 2508 χρυσᾶς,
1613 2447 1664 2506 pr·

334 2533 435 2611 μούσας
459 2538 512 2594 τοῦ
533 2538 624 2612 θυμοῦ
648 2538 699 2594 τοῦ
721 2539 791 2592 &toti
814 2539 865 2594 τοῦ
889 2539 989 2603 ζῶντος
1014 2534 1052 2600 εἰς
1076 2532 1140 2598 τοὺς
1164 2533 1260 2600 siivas
1285 2537 1336 2592 τῶν
1357 2533 1473 2596 αἰώνων.
1511 2533 1549 2596 Εἰ
1567 2551 1666 2597 titivm
1696 2549 1698 2554 ’

334 2638 371 2702 de
387 2647 516 2719 quotuor
529 2640 709 2702 animalibus
728 2639 810 2701 dedit
821 2645 931 2718 septem
945 2640 1060 2718 onqclis
1077 2645 1187 2726 septem
1197 2639 1320 2718 phiolas
1336 2655 1460 2717 oureus,
1473 2637 1583 2718 plenos
1596 2639 1662 2698 iro·

333 2743 459 2805 cundtoo
480 2745 538 2805 Dei
559 2743 683 2804 viventis
703 2747 736 2805 in
758 2744 877 2804 soeculo
897 2744 1093 2805 soeculorum.
1122 2739 1184 2805 Sed
1207 2759 1361 2824 quorsum
1389 2738 1467 2804 hacc
1490 2741 1574 2802 vitoe
1600 2737 1659 2802 Dei

334 2851 500 2910 amoenum
525 2841 695 2909 duraturae
719 2841 913 2928 descriptio?
928 2849 964 2908 ut
988 2843 1197 2924 intelligatur,
1229 2859 1310 2925 quaa
1336 2849 1519 2924 quantaque
1548 2842 1590 2905 sit
1616 2839 1665 2904 vis

334 2948 563 3032 indignationis
596 2948 709 3027 illius,
747 2965 812 3031 qun
839 2947 1008 3032 improbos
1041 2945 1255 3031 persequitur.
1289 2945 1388 3028 Atqui
1420 2941 1666 3028 amplificandos

334 3050 616 3133 exagerandaeque
639 3051 869 3133 magnitudinis
891 3050 1067 3130 vindictae,
1091 3049 1143 3113 cni
1163 3047 1303 3132 improbi
1326 3047 1457 3112 obnoxii
1479 3053 1571 3124 sunt,
1594 3043 1665 3110 nul·

334 3152 459 3218 lutenns
475 3153 670 3218 conduceret
694 3155 777 3218 vitoe
801 3153 860 3218 Dei
887 3159 1077 3238 perpetuum
1100 3151 1269 3218 duraturae
1288 3151 1416 3232 imago,
1441 3148 1502 3213 nisi
1524 3148 1578 3214 hic
1599 3149 1662 3212 exi·

334 3261 431 3322 steret
455 3273 582 3321 sensns:
607 3255 781 3322 vindictam
806 3257 840 3321 in
862 3256 1030 3342 improbos
1054 3255 1176 3320 tamdiu
1203 3254 1412 3334 duraturum,
1436 3250 1588 3336 quamdin
1612 3252 1662 3316 ri·

335 3361 381 3424 vit
407 3359 503 3424 Dens.
1475 3353 1484 3368 ⁸

423 3462 630 3526 convincitur
662 3462 718 3526 Vl.
752 3460 922 3527 collatione
944 3459 1097 3546 phraseos
1124 3461 1164 3527 αἰα
1189 3462 1252 3528 ταὶς
1274 3462 1370 3527 αἰῶνας
1393 3457 1662 3523 restitissemus

335 3589 548 3676 respondente
565 3589 716 3656 hebraica
741 3591 808 3684 ''i-⁷2
825 3565 927 3683 niis.
954 3589 1045 3655 Hanc
1060 3591 1144 3654 cuim
1162 3589 1208 3654 illi
1231 3589 1425 3675 respondere
1442 3593 1579 3668 constat,
1594 3595 1661 3653 tutu

334 3727 371 3772 ex
394 3707 530 3772 solemni
553 3709 705 3788 δοξαλαγία
724 3709 783 3772 Dci
805 3725 901 3789 quam
924 3707 956 3770 in
979 3706 1111 3771 Psalmis
1128 3706 1265 3787 legimus
1288 3707 1355 3786 41),
1377 3711 1410 3770 et
1430 3703 1472 3770 ad
1492 3721 1588 3789 quom
1610 3722 1661 3768 re·

334 3811 428 3896 spicit
449 3812 482 3874 in
504 3811 699 3896 Apocalypsi
721 3810 902 3891 lohannes;
919 3827 1002 3874 cum
1026 3828 1063 3874 ex
1090 3807 1293 3894 paraphraste
1318 3805 1498 3890 chaldaeo,
1525 3807 1580 3891 qui
1605 3804 1660 3870 he·

256 3927 259 3934 “
333 3926 476 3992 hrsicam
500 3928 642 4010 phrasim
668 3937 732 4001 etti
761 3912 854 3999 nisu
879 3925 987 3992 reddit
1005 3909 1114 4023 puin
1135 3909 1253 4008 naht,
1276 3941 1359 4009 quae
1382 3915 1456 3990 cum
1475 3940 1590 4009 graeca
1609 3919 1660 3988 di·

334 4047 441 4109 ctione
456 4045 587 4109 omnino
604 4052 773 4111 consonat.
800 4045 946 4110 lamvero
970 4042 1118 4108 hebraica
1132 4041 1241 4126 phrasi
1259 4051 1324 4113 nto
1344 4021 1436 4118 nsit?
1458 4044 1493 4104 in
1511 4040 1663 4102 somus

422 4272 457 4328 os)
471 4271 544 4328 hpoe.
555 4272 628 4316 xxn.
640 4279 661 4317 n:
674 4272 738 4316 Docto
747 4270 893 4318 illuminabit
902 4271 969 4328 illos,
1113 4271 1149 4324 st)
1162 4270 1235 4327 apoc.
1251 4270 1291 4315 lv.
1306 4275 1327 4325 t,
1348 4273 1381 4323 to,
1394 4267 1424 4312 V.
1446 4271 1480 4322 tt,
1493 4265 1524 4320 X,
1538 4271 1560 4311 a:
1581 4263 1612 4310 st
1626 4262 1663 4308 tn·

333 4345 356 4388 ot
372 4341 503 4400 reprwhstnt
518 4343 545 4386 in
559 4343 653 4388 nocente
668 4344 823 4388 medulorum.
1024 4342 1090 4388 rooit
1106 4354 1149 4400 per
1169 4339 1326 4387 viventemin
1342 4337 1437 4383 saecule
1450 4335 1608 4392 cumbam,
1621 4334 1662 4394 qni

421 4415 455 4470 so)
469 4413 514 4459 Gal
526 4415 543 4458 l.
557 4421 577 4459 s:
592 4412 637 4458 Cui
647 4417 681 4458 eat
691 4413 768 4472 plotio
779 4413 805 4458 in
816 4413 910 4459 metatio
919 4425 972 4458 rue-
1025 4413 1115 4458 creavit
1123 4411 1212 4457 eoelum
1221 4415 1243 4456 et
1252 4423 1279 4455 eo
1290 4422 1350 4467 quoe
1357 4407 1384 4453 in
1396 4417 1422 4452 eo
1431 4409 1502 4464 suot:
1514 4405 1569 4454 ooll.
1579 4407 1630 4454 XV.
1639 4411 1660 4452 7.

333 4483 457 4542 whrnmp
472 4485 526 4531 coll.
542 4485 644 4542 Phillpp.
664 4485 703 4531 tv.
722 4491 761 4540 20,
780 4487 799 4531 1.
818 4485 877 4531 Tim.
895 4487 914 4532 l.
934 4493 972 4542 17,
1115 4485 1151 4537 to)
1165 4482 1298 4539 Apocltv.
1310 4489 1332 4529 7.

333 4558 362 4603 tl.
374 4557 433 4603 ’l'tm
446 4558 487 4602 lv.
501 4563 538 4612 18,
553 4557 626 4602 Hebe.
641 4557 702 4602 xlll.
716 4563 755 4613 tt,
767 4558 785 4602 l.
798 4557 863 4604 Patr.
875 4557 915 4602 tv.
930 4563 972 4612 11,
1113 4553 1148 4611 41)
1162 4554 1200 4599 Pa.
1212 4553 1291 4600 cxlv.
1304 4557 1323 4606 1,
1333 4557 1355 4597 2:
1364 4549 1587 4598 Buolutotslteus
1597 4563 1661 4598 motor

333 4631 361 4674 V.
383 4635 420 4685 tt,
436 4629 509 4686 hpoc.
528 4630 545 4674 l.
560 4635 590 4684 o,
605 4629 636 4675 V.
656 4635 696 4684 1³,
714 4629 764 4675 vll.
783 4635 816 4677 12.
1021 4637 1077 4680 ree,
1094 4629 1117 4670 et
1134 4623 1268 4670 benedicum
1276 4621 1368 4668 nomint
1379 4625 1420 4668 toto
1435 4623 1462 4668 tn
1473 4623 1592 4670 moutam
1603 4623 1660 4670 eso·

332 4784 384 4816 α,
400 4699 866 4819 ,ἒαῖὲξωαὲαέἲζὶῖαᾝ””’
885 4703 908 4746 “
924 4711 973 4744 ‘⁰⁶‘
1022 4733 1140 4778 ...aa
1158 4731 1263 4787 mus
1296 4727 1363 4821 ss]
1391 4701 1504 4821 nissi

423 4847 458 4902 aa)
471 4845 543 4901 Apso.
561 4845 601 4888 xl.
621 4851 651 4890 te.
